4542 5318
1637 425 1713 528 259

297 589 404 699 gium
417 593 576 686 dicitur,
601 592 784 686 Salustius
806 617 853 670 ex
875 589 944 668 tali
959 615 1072 671 causa
1096 595 1224 672 vocari
1240 597 1392 692 scribit,
1413 599 1564 680 dicens:
1589 602 1712 682 Italiae

298 716 392 792 olim
403 719 571 796 Siciliam
592 719 842 796 coniunctam
855 714 986 807 titisse,
1010 733 1050 794 ct
1068 717 1165 794 dum
1180 736 1273 796 esset
1290 749 1370 798 una
1393 727 1518 816 tellus,
1539 728 1712 814 medium

295 841 464 946 spatium
486 861 555 920 aut
576 870 646 949 per
666 840 939 920 humiditatem
960 841 1172 948 abruptum
1193 858 1249 919 est
1271 846 1479 947 aquis„aut
1499 877 1570 953 per
1593 879 1713 957 angu-

294 964 408 1043 stiam
426 967 590 1044 scissum.
637 971 688 1045 Et
705 968 797 1045 inde
815 955 921 1064 iiyssr
944 967 1211 1058 nominatum
1241 968 1334 1072 quia
1359 996 1478 1075 graeoe
1501 974 1714 1079 abruptum

296 1083 372 1166 hoc
389 1092 546 1168 nomine
570 1107 830 1196 nuncupatur.
868 1095 936 1166 Est
954 1105 1084 1166 autem
1103 1091 1375 1183 arctissimum,
1400 1094 1520 1172 trium
1542 1098 1713 1177 millium

295 1214 418 1317 spatio
436 1215 605 1292 Siciliam
625 1215 675 1290 ah
694 1216 814 1291 Italiae
835 1213 1027 1304 dividens,
1047 1213 1229 1289 sabulosis
1249 1215 1392 1292 infame
1416 1221 1613 1312 monstris,
1627 1222 1713 1326 quif

297 1335 370 1414 bus
388 1336 483 1416 hinc
509 1338 600 1416 inde
622 1339 737 1416 Scilla
764 1355 804 1416 et
823 1335 1026 1416 charibdis
1049 1338 1273 1414 ostenditur.
1313 1341 1469 1418 Scillam
1498 1345 1636 1421 accolae
1653 1372 1713 1424 sa·

294 1485 389 1539 xum
407 1463 450 1540 in
470 1463 568 1539 mari
589 1463 793 1542 imminens
813 1463 1031 1569 appellant,
1055 1463 1180 1539 simile
1199 1462 1398 1539 celebratae
1415 1466 1548 1544 formae
1568 1471 1708 1574 procul

298 1583 515 1663 visentibus.
550 1588 662 1664 Unde
682 1602 722 1664 et
746 1604 1029 1666 monstruosam
1054 1583 1219 1691 speciem
1247 1585 1389 1662 fabulae
1418 1589 1477 1664 illi
1503 1591 1710 1686 dederant,

296 1707 406 1811 quasi
423 1708 588 1786 formam
610 1709 779 1789 hominis
802 1710 992 1817 capitibus
1021 1710 1257 1786 succinctam
1280 1711 1446 1802 caninis,
1474 1713 1566 1818 quia
1588 1716 1711 1792 collisi

298 1831 354 1906 ibi
379 1832 520 1910 fluctus
543 1833 705 1910 latratus
733 1833 918 1912 videntur
951 1833 1171 1939 exprimere„
1219 1831 1421 1910 Charibdis
1456 1835 1578 1927 dicta,
1604 1837 1711 1940 quod

298 1955 512 2062 gurgitibus
537 1957 696 2033 occultis
722 1977 836 2034 nates
867 1957 1079 2035 absorbeat
1117 1958 1186 2032 Est
1209 1955 1315 2032 enim
1345 1983 1452 2032 mare
1477 1958 1711 2042 vorticosum

297 2093 337 2154 et
358 2078 449 2157 inde
470 2080 526 2158 ibi
551 2081 696 2158 laniata
715 2081 918 2185 naufragia
941 2095 1144 2186 emergunt
1183 2081 1259 2155 Ter
1287 2095 1417 2163 autem
1441 2079 1483 2155 in
1509 2079 1571 2164 die
1599 2083 1711 2188 erigit

298 2200 457 2294 fluctus,
481 2220 521 2280 ct
539 2221 597 2281 ter
616 2207 801 2282 absorbet.
837 2207 937 2282 Nam
970 2204 1112 2310 accipit
1132 2226 1252 2308 aquas
1275 2217 1322 2278 ut
1345 2219 1492 2294 vomat,
1517 2205 1639 2288 vomit
1663 2222 1710 2282 ut

296 2349 426 2404 rursus
444 2329 619 2433 accipiat.

349 2476 432 2526 aru·
457 2451 585 2528 Sardis
605 2451 772 2528 Hercule
795 2463 1034 2556 procreatus,
1059 2475 1150 2526 cum
1171 2475 1310 2556 magna
1332 2451 1585 2529 multitudine
1604 2476 1626 2527 a
1648 2451 1710 2528 Li-

298 2573 373 2678 bya
395 2575 611 2680 profectus,
644 2575 863 2651 Sardiniam
884 2571 1086 2677 occupavit
1114 2586 1153 2652 et
1182 2599 1228 2648 ex
1251 2599 1321 2652 suo
1354 2575 1542 2650 vocabulo
1575 2574 1711 2649 imulae

298 2723 441 2777 nomen
461 2700 577 2778 dedic
612 2700 703 2776 Haec
726 2700 770 2775 in
790 2698 921 2778 Africo
942 2695 1042 2774 mari
1062 2693 1160 2776 facie
1176 2696 1322 2800 voetigii
1340 2693 1505 2772 humani
1521 2695 1565 2778 in
1586 2695 1711 2776 orien-

297 2836 336 2899 te
356 2848 476 2929 quam
493 2823 690 2900 occidente
711 2823 826 2906 latior
844 2820 1053 2932 prominet,
1074 2819 1194 2896 ferme
1214 2819 1373 2924 paribus
1395 2819 1595 2909 lateribus,
1622 2843 1710 2923 quse

296 2946 340 3024 in
359 2947 559 3046 meridiem
584 2964 625 3024 et
643 2948 943 3053 septentrionem
961 2961 1136 3034 rernmt,
1163 2969 1209 3019 ex
1231 2970 1310 3048 quo
1330 2958 1421 3018 ante
1435 2943 1710 3020 commercium
1814 2969 1817 2974 ’

168 3107 173 3117 ·
297 3095 319 3144 a
352 3071 622 3174 navigantibus
653 3072 880 3152 Graecorum
914 3067 1003 3170 ἴχνος
1032 3067 1224 3175 appellata
1253 3083 1318 3143 est.
1373 3068 1490 3145 Terra
1522 3083 1628 3173 patet
1667 3066 1711 3144 in

296 3191 540 3296 longitudine
560 3194 684 3270 millia
703 3197 812 3288 CXI,
837 3196 1047 3276 latitudine
1061 3196 1126 3271 XI.
1161 3193 1208 3266 In
1227 3215 1271 3265 ea
1288 3215 1414 3292 neque
1424 3212 1577 3294 serpens
1588 3188 1712 3296 gigni-

298 3329 374 3407 tur,
395 3342 522 3424 neque
536 3317 672 3423 lupus,
696 3319 761 3396 sed
774 3319 936 3426 solifuga
959 3335 1131 3404 tantum,
1144 3313 1302 3404 ‚animal
1324 3312 1522 3416 exiguum,
1541 3311 1711 3389 homini·

294 3439 367 3517 bus
383 3439 649 3546 perniciosum.
684 3444 890 3528 Venenum
906 3443 961 3521 ibi
989 3414 1151 3568 guoque
1172 3461 1255 3513 non
1279 3435 1467 3524 nascitur,
1492 3433 1568 3511 nisi
1587 3432 1709 3513 herba

296 3590 366 3668 per
379 3565 580 3669 scriptores
596 3562 784 3670 plurimos
803 3583 842 3644 et
860 3585 991 3673 poetas
1006 3577 1238 3665 memorata,
1258 3559 1424 3664 apiastro
1445 3557 1597 3651 similis,
1623 3583 1712 3664 quse

296 3685 521 3769 hominihus
543 3689 663 3768 rictus
694 3689 890 3770 contrahit
920 3709 959 3769 et
989 3687 1102 3856 guasi
1135 3684 1301 3762 ridentes
1324 3681 1522 3765 interimit
1569 3683 1711 3762 ,Fontes

296 3892 511 3969 taur.1,1os.
529 3931 572 3948 -
592 3914 661 3978 2¹9·
676 3893 783 3958 Asson.
797 3895 915 3958 Psdiun.
935 3895 975 3958 sd
990 3872 1059 3958 dte.
1073 3891 1157 3956 Orat.
1177 3908 1234 3971 pro
1252 3885 1393 3948 Cornelio
1405 3907 1437 3966 p.
1451 3885 1507 3960 58,
1521 3881 1551 3958 lr,
1564 3883 1642 3944 Edit.
1654 3883 1709 3946 tt·
1732 3873 1736 3884 ’

297 3998 360 4060 din·
383 3998 470 4064 1563·
492 4009 717 4082 repugnamus
737 3999 804 4062 ult
824 4021 859 4063 οι
877 4002 1052 4064 coniectura
1069 3995 1225 4068 sdditnms
1246 4002 1338 4056 textus
1357 3991 1437 4050 cuim
1458 3990 1580 4050 mutilus
1599 3998 1709 4053 cst--

299 4121 368 4166 sac.
382 4112 411 4164 st
426 4103 574 4176 sanlsid,
591 4119 639 4182 14,
653 4106 683 4166 6.
692 4116 721 4166 st
737 4105 783 4180 13,
794 4107 823 4173 8.
843 4103 906 4168 huo
917 4107 1081 4169 manticam
1097 4111 1211 4182 partam
1224 4117 1259 4158 er
1268 4096 1393 4156 salustio
1404 4092 1508 4156 hausu
1521 4113 1594 4170 esse,
1606 4105 1711 4176 preter

298 4205 406 4281 verbs,
424 4227 488 4291 quc
504 4209 564 4270 iam
575 4229 663 4292 cupra
678 4209 880 4284 laudavimus,
899 4213 946 4273 vel
956 4207 1034 4272 tuido
1045 4215 1142 4290 putet,
1160 4199 1241 4285 quod
1258 4202 1339 4262 stilus
1353 4218 1415 4259 non
1431 4197 1609 4280 rodisstqus
1619 4199 1712 4282 ipsius

298 4312 424 4380 necet
432 4309 571 4377 sonsums
585 4324 644 4391 cst,
652 4313 764 4378 utalias
776 4313 809 4378 in
822 4311 955 4388 Isidoro,
969 4278 1027 4425 spd
1039 4309 1133 4396 gravis
1145 4317 1233 4389 atquc
1249 4307 1426 4368 luculentus.
1445 4291 1501 4370 tiss
1519 4303 1613 4374 solir·
1623 4303 1712 4396 tuy-

977 4574 988 4807 ἐ
1190 4435 1217 4498 ,.

967 4910 982 5291 i
