4570 5316
1599 481 1689 554 217·

273 616 432 711 vidistis,
456 636 495 696 et
515 621 716 726 sepulchra
741 621 880 698 infecta
908 621 1093 728 sanguine
1112 620 1223 699 civili.
1259 625 1376 730 Estne
1405 626 1494 704 viris
1532 629 1684 734 reliqui·

272 739 396 833 aliud,
423 771 541 846 quam
565 749 705 822 solvere
728 747 911 822 iniuriam
937 763 1006 821 aut
1027 746 1125 820 mori
1148 772 1217 849 per
1245 747 1451 825 virtutem?
1485 755 1672 855 quoniam

270 864 426 964 quidem
446 895 571 943 unum
593 868 770 945 omnibus
791 868 907 942 finem
926 885 1066 942 natura
1085 867 1145 943 vel
1163 867 1264 944 ferro
1283 871 1395 973 septis
1415 875 1576 948 statuit:
1604 903 1670 952 ne·

269 1011 344 1087 que
367 990 571 1093 quisquam
593 1008 800 1072 extremam
828 991 1084 1066 necessitatem
1112 989 1214 1065 nihil
1235 1017 1368 1084 ausus,
1392 994 1465 1068 nisi
1489 997 1669 1076 muliebri

268 1106 438 1212 ingenio,
461 1129 657 1219 exspectat
690 1117 836 1190 Verum
857 1137 924 1216 ego
944 1112 1160 1202 seditiosus,
1182 1113 1242 1187 uti
1262 1114 1369 1189 Sulla
1389 1117 1466 1206 ait,
1491 1119 1560 1220 qui
1571 1147 1670 1223 prae-

268 1232 344 1306 mia
367 1237 568 1312 turbarum
589 1262 751 1340 queror,
776 1253 814 1311 et
840 1235 986 1311 bellum
1008 1235 1183 1338 cupiens,
1208 1237 1277 1338 qui
1302 1237 1387 1313 iura
1406 1241 1510 1343 pacis
1529 1259 1669 1349 repeto.

266 1353 436 1447 Scilicet,
461 1361 552 1462 quia
573 1386 654 1435 non
672 1358 783 1434 aliter
809 1358 903 1435 salvi
921 1359 1085 1462 satisque
1106 1359 1181 1432 tuti
1199 1359 1243 1433 in
1265 1359 1426 1464 imperio
1446 1364 1569 1455 eritis,
1594 1369 1668 1443 nisi

266 1479 415 1556 Vettius
425 1483 555 1558 Picens
573 1499 612 1558 et
631 1483 754 1557 scriba
765 1481 982 1573 Cornelius,
999 1481 1125 1556 aliena
1147 1481 1246 1557 bene
1261 1499 1394 1585 parata
1408 1486 1667 1592 prodegerint:

266 1600 339 1683 nisi
360 1603 612 1707 adprobaritis
643 1629 772 1681 omnes
802 1603 1119 1708 proscriptionem
1144 1605 1392 1683 innoxiorum
1417 1609 1466 1684 oh
1497 1611 1667 1689 divitiam

266 1725 456 1801 officiatus
488 1727 660 1803 virorum
690 1727 922 1816 illustrium,
964 1742 1108 1802 vastam
1137 1728 1278 1808 urbem
1296 1728 1386 1833 fuga
1414 1747 1452 1806 et
1480 1733 1667 1827 caedibus,

266 1844 368 1922 bona
383 1849 524 1927 civium
535 1851 759 1928 miserorum
778 1850 885 1954 quasi
895 1848 1126 1926 Cimbricam
1141 1851 1311 1952 praedam
1323 1875 1464 1926 venum
1480 1873 1549 1931 aut
1563 1857 1665 1934 dono

266 1967 403 2045 datam.
419 1977 479 2048 ¹At
497 1974 661 2050 obiectat
671 1971 768 2048 mihi
782 1973 1023 2077 possessiones
1034 1998 1080 2047 ex
1093 1973 1204 2047 bonis
1218 1973 1539 2077 proscriptorum:
1561 1981 1666 2082 quod

266 2093 422 2192 quidem
440 2097 623 2170 scelerum
647 2095 831 2171 illius'vel
851 2121 1075 2170 maxumum
1098 2111 1172 2185 est,
1197 2121 1278 2170 non
1298 2122 1361 2171 me
1388 2123 1514 2200 neque
1534 2127 1666 2203 quem-

267 2239 383 2314 quam
402 2219 577 2294 omnium
598 2218 687 2293 satis
713 2233 842 2292 tutum
863 2216 991 2306 fuisse,
1015 2215 1165 2291 sirecte
1188 2216 1403 2292 faceremus.
1441 2225 1567 2324 Atque
1589 2225 1665 2317 illa,

266 2361 351 2436 quse
376 2357 459 2415 tum
484 2341 690 2416 formidine
717 2355 904 2413 mercatus
929 2364 1034 2426 sum,
1068 2341 1207 2438 pretio,
1234 2340 1359 2416 soluto
1385 2341 1478 2434 ime,
1501 2345 1666 2424 dominis

269 2475 396 2536 tamen
415 2464 571 2538 restituo
592 2495 600 2536 =
627 2487 752 2562 neque
772 2459 853 2562 pati
873 2458 1078 2534 consilium
1098 2475 1168 2549 est,
1193 2460 1315 2535 ullam
1338 2488 1384 2536 ex
1403 2465 1548 2541 civibus
1569 2495 1688 2572 prae-·

267 2581 357 2658 dam
382 2611 464 2661 esse.
514 2585 610 2660 Satis
635 2583 701 2657 illa
731 2581 907 2671 fuerint,
932 2601 1019 2682 quae
1049 2578 1155 2652 rabie
1178 2595 1374 2654 contracta
1406 2583 1663 2681 toleravimus,

266 2732 402 2782 manus
426 2724 659 2785 conserentes
677 2707 778 2780 inter
795 2728 833 2778 se
858 2704 1048 2776 Romanos
1064 2701 1265 2792 exercitus,
1290 2717 1329 2777 et
1348 2729 1453 2778 arma
1474 2691 1523 2780 ab
1543 2725 1664 2785 exter-

266 2831 326 2906 nis
347 2831 389 2906 in
420 2848 565 2907 nosmet
586 2855 703 2907 vorsa.
753 2825 945 2903 Scelerum
969 2840 1008 2900 et
1029 2823 1351 2898 contumeliarum
1376 2829 1551 2904 omnium
1576 2830 1686 2909 finis.

264 2953 320 3027 sit.
372 2929 550 3051 Quorum
569 2954 662 3029 adeo
679 2950 827 3026 Sullam
844 2975 924 3023 non
939 2946 1127 3051 poenitet,
1143 2961 1190 3020 ut
1205 2960 1244 3020 et
1264 2944 1363 3022 facta
1389 2948 1432 3022 in
1450 2950 1569 3052 gloria
1589 2981 1663 3030 nu-

264 3091 403 3164 meret,
430 3092 484 3167 et,
508 3077 540 3150 si
565 3076 693 3164 liceat,
719 3072 864 3148 avidius
882 3069 1022 3146 feeerit
1071 3070 1202 3170 Neque
1223 3068 1301 3144 iam
1318 3070 1415 3171 quid
1433 3072 1673 3153 existumetis¹

265 3197 313 3272 de
330 3196 412 3286 illo,
437 3196 502 3271 sed
518 3212 709 3299 quantum
718 3220 781 3270 vos
800 3192 983 3284 audeatis,
1006 3217 1158 3268 vereor:
1184 3217 1252 3281 ne,
1268 3191 1366 3266 alius
1381 3192 1502 3268 alium
1517 3198 1663 3300 princi.

264 3346 353 3424 pem
367 3334 641 3424 exspectantes,
674 3333 764 3394 ante
790 3315 1021 3421 capiamini,
1046 3340 1127 3388 non
1154 3314 1290 3417 opibus
1311 3315 1408 3405 eius,
1430 3343 1517 3417 quae
1535 3321 1663 3399 futiles
1685 3351 1689 3358 ·

265 3459 303 3518 et
330 3459 518 3547 corruptae
544 3457 650 3531 sunt,
673 3439 738 3515 sed
760 3455 881 3514 vestra
902 3436 1091 3525 socorilia,
1115 3463 1234 3539 quam
1254 3454 1408 3540 raptum
1436 3439 1486 3514 iri
1512 3441 1602 3519 licet
1624 3461 1663 3520 et

136 3599 141 3606 ·
267 3592 385 3668 quam
404 3567 544 3642 audeat
557 3581 637 3640 tam
656 3561 783 3654 videri
804 3560 961 3637 felicem
1009 3561 1107 3634 Nam
1128 3576 1267 3662 praeter
1289 3559 1465 3636 satellites
1497 3591 1663 3642 comma-

234 3777 239 3786 ·
266 3785 296 3826 r.
315 3761 405 3839 inops.
425 3763 580 3846 cogitandi
590 3765 686 3828 ceteri
706 3763 868 3822 mercedem
875 3759 1016 3821 soskrw'n
1028 3757 1140 3822 Carrio.
1161 3759 1295 3818 moade
1311 3759 1372 3819 alii.
1393 3757 1445 3836 qui
1456 3758 1581 3838 proeru'o
1597 3779 1665 3820 ms-

266 3869 352 3929 liores
368 3867 453 3944 libri,
474 3869 590 3930 testibus
601 3869 708 3928 Ursino
722 3876 751 3926 st
764 3865 933 3930 Ciacconio.
960 3863 1012 3942 qui
1026 3862 1095 3924 iuro
1109 3883 1211 3924 omnes
1226 3861 1312 3936 libri,
1332 3859 1491 3938 nunquia.
1521 3870 1555 3920 st
1565 3861 1662 3923 scriba

263 3973 440 4034 vstsnoditio
455 3985 484 4034 et
495 3973 561 4035 Fab.
582 3972 681 4034 olisna
696 3971 767 4032 bens
776 3980 867 4054 porto
877 3969 955 4030 Edit.
963 3968 1061 4046 Oxou.
1074 3967 1183 4049 Delph.
1194 3967 1310 4048 Popmc
1325 3975 1354 4026 ct
1365 3964 1512 4026 canionis
1523 3964 1661 4050 Anoerp.

267 4077 354 4158 ¹579·
393 4076 586 4158 approbat-tut
607 4095 707 4138 omues
719 4073 960 4156 proscriptionem
986 4075 1027 4135 ita
1043 4071 1220 4152 antiquiores
1247 4069 1325 4130 libri.
1358 4077 1506 4130 matam
1527 4071 1592 4132 urb.
1621 4074 1691 4135 ita·

266 4191 334 4242 ants
356 4179 527 4242 Garriousm
549 4180 671 4246 editum
701 4179 799 4240 ohiieit
817 4180 929 4259 aliquot
946 4177 1036 4239 Editt.
1062 4183 1180 4253 optumo
1194 4171 1306 4252 pretio,
1326 4171 1420 4232 soluto
1441 4171 1525 4246 iurs,
1544 4173 1662 4239 restituo

269 4284 398 4348 ussat
414 4287 456 4347 ita
472 4285 612 4346 nonnulli
630 4281 846 4345 concurristi.
864 4281 915 4339 alii
930 4279 1022 4339 albor.
1043 4294 1111 4339 mse
1127 4273 1201 4334 alios
1220 4273 1305 4339 Bria
1316 4283 1434 4353 raptum
1449 4274 1492 4337 s‘n’
1503 4297 1605 4341 omnes
1621 4280 1675 4340 li-.
1732 4293 1735 4300 ·

1214 4403 1262 4475 as
