4582 5320
1606 436 1655 513 53

253 613 468 692 bonoribus
487 641 592 704 usus,
624 617 673 690 ab
694 616 979 693 adulescentulo
1006 618 1147 693 Caesare
1171 618 1290 692 victus
1317 615 1539 694 discesserat
1586 617 1677 692 Ras'

254 755 385 815 autem
405 757 623 844 opportuna
640 740 860 832 videbatur5
884 741 989 842 quod
1009 743 1038 815 is
1057 742 1236 845 privatim
1252 743 1396 848 egregia
1419 741 1660 829 liberalitate,

252 863 408 967 publice
438 863 626 939 maxumis
657 865 882 938 muneribus
912 865 1095 968 grandem
1124 866 1330 969 pecuniam
1364 866 1535 940 debebat
1586 863 1658 940 Sed

252 987 322 1062 ubi
347 987 551 1063 Consulem
577 987 627 1062 ad
661 1005 813 1062 tantum
840 987 989 1063 facinus
1014 989 1207 1093 impellere
1235 1005 1454 1091 nequeunt,
1488 988 1559 1091 ipsi
1582 987 1659 1062 sin-

252 1109 414 1215 gulatim
443 1111 718 1186 circumeundo
754 1129 870 1214 atque
898 1113 1168 1203 ementiundo,
1202 1140 1288 1215 quae
1308 1140 1345 1188 se
1372 1141 1416 1187 ex
1436 1111 1658 1200 Volturcio,

254 1249 322 1309 aut
337 1233 606 1338 Allobrogibus
628 1235 774 1309 audisse
791 1234 978 1324 dicerent,
1014 1263 1192 1340 magnam
1219 1237 1275 1308 illi
1309 1236 1494 1310 invidiam
1516 1233 1660 1310 confla-

252 1375 410 1452 verant3
447 1358 706 1460 usqueadeo,
739 1375 784 1432 ut
807 1359 989 1433 nonnulli
1014 1359 1158 1461 equites
1186 1361 1367 1447 Romani,
1403 1360 1471 1460 qui
1492 1358 1658 1463 praesidii

253 1509 381 1558 caussa
414 1509 504 1556 cum
532 1481 614 1556 telis
646 1499 756 1556 erant
788 1481 934 1556 circum
964 1482 1083 1556 aedem
1109 1484 1357 1571 Concordiae,
1393 1509 1458 1556 seu
1496 1480 1665 1586 periculi·v

252 1605 533 1710 magnitudine,
557 1631 623 1680 seu
643 1604 763 1679 animi
780 1605 981 1680 nobilitate
1000 1605 1175 1708 impulsi,
1201 1633 1279 1707 quo
1295 1607 1466 1680 studium
1483 1631 1596 1679 suum
1616 1604 1658 1677 in

254 1728 533 1832 rempublicam
564 1727 704 1802 clarius
732 1745 854 1817 esset,
886 1728 1093 1836 egredienti
1122 1756 1168 1803 ex
1202 1731 1345 1804 Senatu
1371 1729 1506 1804 Coesari
1532 1727 1658 1832 gladio

253 1853 533 1927 minitarentur.
570 1853 678 1925 Dum
702 1849 785 1927 haec
809 1852 850 1926 in
871 1853 1014 1927 Senatu
1032 1870 1218 1956 aguntur,
1243 1869 1282 1928 et
1300 1853 1395 1928 dum
1411 1851 1541 1957 legatis
1556 1847 1709 1926 Allo-50

254 1975 417 2078 brogum
436 1993 476 2050 et
505 1975 593 2050 Tito
620 1974 845 2064 Volturcio,
879 1976 1126 2080 comprobato
1155 2001 1289 2050 eorum
1317 1975 1477 2062 indicio,
1503 1974 1659 2079 praemia

253 2099 542 2174 decernuntur:
578 2097 706 2173 liberti
731 2115 769 2173 et
788 2099 902 2203 pauci
927 2125 972 2174 ex
993 2099 1196 2174 clientibus
1216 2099 1389 2186 Lentuli,
1415 2098 1569 2173 divorsis
1601 2096 1662 2170 itt·

254 2223 427 2312 neribus,
452 2221 604 2327 opifices
623 2239 739 2324 atque
763 2223 912 2296 servitia
938 2223 978 2295 in
1003 2224 1091 2297 vicis
1116 2224 1165 2298 ad
1189 2249 1278 2298 eum
1300 2221 1545 2326 eripiendum
1558 2219 1661 2294 eolli-

253 2346 443 2420 citabant:
477 2346 619 2450 partim
651 2345 908 2448 exquirebant·
933 2347 1047 2421 duces
1075 2348 1392 2436 multitudinum,
1434 2346 1502 2448 qui
1537 2343 1661 2448 pretio

253 2462 530 2574 rempublicam
548 2495 681 2545 vexare
702 2469 805 2542 soliti
824 2485 942 2542 erant
979 2468 1164 2574 Cethegus
1186 2488 1315 2544 autem
1337 2497 1407 2573 per
1429 2467 1592 2542 nuncios
1607 2467 1663 2540 sa·

254 2594 402 2669 millam
420 2611 535 2696 atque
553 2593 708 2686 libertos
725 2617 828 2679 suos,
856 2591 970 2666 lectos
989 2610 1027 2666 et
1044 2593 1263 2666 exercitatos
1279 2593 1320 2665 in
1339 2592 1561 2677 audaciam,
1578 2615 1662 2662 ora-

254 2782 312 2838 inc.
330 2798 357 2842 2.
377 2775 441 2838 Bas.
454 2776 482 2844 4.
503 2773 588 2837 Bern.
602 2794 634 2834 2.
659 2772 812 2850 pecunior.
832 2773 982 2852 repetund.
1004 2771 1085 2831 Leid.
1111 2794 1137 2832 c.
1155 2795 1180 2832 e.
1198 2794 1226 2855 g.
1243 2770 1274 2836 h.
1289 2774 1319 2831 i..
1328 2772 1357 2831 k.
1370 2773 1391 2830 l.
1406 2792 1446 2828 m.
1465 2785 1570 2850 pecten.
1590 2771 1673 2827 reti·-

255 2894 328 2942 ncnt
340 2891 370 2940 et
385 2899 488 2938 omnes
501 2877 594 2937 Cortii
612 2876 691 2936 libri.
715 2877 776 2936 Bas.
796 2899 819 2938 ι.
833 2898 865 2942 2..
876 2883 903 2940 3.
920 2879 947 2948 l.
968 2876 1038 2936 Tur.
1054 2898 1079 2941 1.
1102 2898 1127 2941 a.
1146 2877 1230 2936 Bern.
1251 2898 1275 2936 1.
1294 2897 1321 2936 a.
1343 2878 1422 2955 qttod
1437 2875 1469 2934 in
1488 2883 1564 2933 extr.
1587 2881 1663 2932 uto·

256 2997 293 3046 tc.
314 2987 376 3043 Bas.
395 3005 420 3042 1.
434 2989 461 3048 δι
481 2983 577 3042 Stuir.
598 2982 672 3040 Vin..
690 3001 725 3046 2..
746 2979 797 3042 Ac.
829 2982 951 3046 Laid-e.
965 2983 992 3040 l.
1014 2983 1136 3060 quodie.
1159 2981 1182 3040 is
1200 2981 1279 3042 abest
1294 2981 1394 3045 liuor.
1408 3001 1444 3041 2.-
1456 2984 1663 3045 locummutct

255 3090 398 3151 iri-Guell.
417 3093 443 3151 3.
464 3084 732 3166 egregialibcrtatc.
754 3087 816 3147 Bas.
830 3110 855 3152 ι.
870 3092 896 3149 3.
917 3087 1002 3146 Fabr.
1024 3108 1048 3145 ι.
1076 3089 1174 3152 Αοειά..
1187 3089 1245 3152 i'uc.
1263 3107 1289 3146 a.
1310 3086 1394 3146 Rem.
1414 3097 1507 3168 uterq.
1527 3089 1671 3168 singula--

256 3197 319 3259 tim.
340 3195 439 3252 Bassi.
453 3214 479 3251 2.
501 3191 599 3255 Guell.
613 3191 641 3249 5.
663 3188 817 3256 Febrim.
838 3191 907 3256 Sen.
923 3213 949 3250 ι.
970 3191 1037 3255 Vin.
1057 3213 1082 3255 1.
1104 3191 1187 3250 Rem.
1207 3212 1235 3250 π.
1255 3190 1446 3268 singillatim..
1464 3192 1533 3251 vin.
1556 3213 1583 3252 2.
1604 3192 1674 3253 Fa·-

255 3301 370 3360 bric..2.
391 3298 458 3359 Ecc.
479 3294 580 3354 Gueli.
593 3315 617 3352 ι.
631 3314 658 3353 2.
669 3295 698 3364 4.
719 3297 917 3356 ementiundo.
940 3295 1001 3355 Bas.
1021 3318 1045 3359 1.
1067 3294 1165 3355 Guelf.
1179 3295 1207 3354 5.
1228 3294 1312 3354 Ram.
1327 3314 1355 3353 a.
1377 3293 1545 3356 mentiendo
1563 3299 1672 3361 ceteri..

256 3425 291 3465 ca
308 3424 374 3484 quoe
392 3421 430 3461 so.
452 3401 513 3459 Bas.
530 3421 555 3464 1.
575 3399 671 3460 Struv.
692 3400 775 3459 Rem.
793 3423 818 3460 ι..
839 3401 921 3460 Lcid.
935 3421 962 3459 a.
974 3401 1004 3458 d.
1031 3419 1117 3476 iisqne
1129 3401 1212 3458 astru
1232 3417 1337 3457 omnes
1349 3397 1524 3480 Rutulam,
1546 3399 1660 3462 Fabric.

257 3507 343 3571 Rem.
357 3506 427 3566 Tur.
445 3527 470 3566 ι’.
489 3524 584 3585 m.pr.
598 3502 681 3569 Bcrn.
701 3525 726 3569 ι,
743 3524 769 3564 2.
781 3505 809 3569 3.
830 3505 1003 3566 inc..Stuu=.
1024 3505 1075 3564 Ac.
1097 3504 1165 3562 vin.
1187 3524 1211 3561 ι.
1233 3501 1298 3566 Eoo.
1320 3522 1423 3562 curuos
1433 3502 1532 3565 Guell'.
1548 3505 1667 3586 (puetar-

261 3633 288 3674 π’.
300 3617 328 3678 3.
341 3611 382 3688 5.)
402 3609 483 3670 Leid.
495 3609 525 3668 b.
539 3608 570 3672 d.
586 3606 645 3666 th.
657 3610 733 3668 iam.
754 3618 782 3667 ct
799 3629 885 3687 usque
902 3611 995 3670 odeo..
1006 3608 1129 3671 Leito.
1145 3630 1173 3690 g.
1196 3627 1282 3685 usurae
1301 3627 1335 3666 eo
1350 3609 1454 3672 ceteri..
1467 3608 1661 3671 circumdem.

248 3709 353 3798 uterq.
371 3713 457 3802 Febr„
479 3715 538 3778 inc.
560 3711 809 3779 vin.1.tei‹1.k.
830 3714 892 3774 Bas.
913 3735 938 3775 2.
960 3712 1044 3774 Bern.
1060 3734 1086 3773 a.
1100 3718 1127 3776 ³.
1149 3715 1242 3772 oedcm
1264 3733 1325 3772 non
1346 3713 1414 3793 legit
1433 3712 1553 3772 Merscb.
1575 3713 1661 3775 Risit.

260 3817 492 3882 nobilitatatis.
515 3839 541 3876 ι.
562 3814 745 3880 (ἷιιοΙῖ..3.’5.
758 3818 787 3878 8.
815 3839 855 3877 ιιι.
872 3841 916 3900 pr.
939 3817 1065 3878 Parisb·
1079 3840 1104 3878 e.
1125 3818 1195 3877 Tur.
1211 3839 1235 3876 ι.
1267 3837 1363 3896 mpr.
1384 3816 1467 3875 Rem.
1489 3819 1548 3880 inc.
1562 3835 1588 3875 a.
1608 3816 1662 3879 Ac.

258 3929 325 3988 Sem
339 3946 364 3983 ι.
378 3923 445 3982 Ecc.
465 3921 524 3980 En.
543 3920 621 4006 'l‘og.¹
634 3941 736 3982 omnes
748 3922 829 3982 Leid.
851 3923 965 4004 (preter
976 3927 996 3981 Ι.
1011 3923 1076 4002 ιιι),
1086 3923 1244 3983 mobilitate
1255 3922 1362 3984 ceteri..
1372 3919 1481 3981 clarius
1496 3921 1661 3982 haberetur.

259 4032 328 4114 Τις.
347 4027 433 4089 Febr.
456 4048 481 4085 ι.

341 4155 492 4236 &mm--
512 4154 642 4214 libertini
657 4155 777 4224 incerti,
798 4155 917 4214 temti.
939 4155 1033 4214 sim.
1055 4153 1144 4212 saa
1166 4153 1227 4212 aas.
1251 4153 1279 4212 s⁸
1293 4153 1322 4222 ι.
1355 4151 1452 4213 caess.
1468 4153 1497 4224 ι.
1518 4155 1547 4222 s;
1566 4179 1594 4238 7,
1617 4178 1662 4218 Η,

262 4264 377 4329 loide.
396 4261 466 4320 Tur.
482 4281 509 4319 2.
530 4259 615 4318 Bcrn·
632 4279 656 4316 ι.
670 4277 697 4316 2.
718 4259 797 4318 soliti
813 4269 908 4318 oraret.
930 4279 1031 4317 onmes
1046 4261 1102 4316 sere
1122 4257 1196 4316 libri.
1219 4257 1321 4316 electos
1335 4267 1362 4316 et
1384 4277 1430 4324 ur.
1452 4263 1573 4341 plurimi
1585 4261 1664 4323 libri.

262 4376 349 4436 tuos
362 4377 390 4430 et
403 4363 596 4428 maroilum..
607 4362 712 4422 Bas-r.
733 4371 826 4444 uterq,
846 4362 914 4424 vin.
929 4373 957 4421 ct
970 4361 1054 4421 Febr.
1075 4361 1143 4442 Τις.
1165 4360 1249 4419 Paris.
1263 4381 1298 4420 c..
1308 4361 1337 4426 d.
1358 4361 1439 4422 Leid.
1457 4385 1484 4425 a.
1501 4366 1521 4426 i.
1533 4368 1555 4426 l.
1578 4364 1663 4427 Born.
