4570 5316
1627 425 1700 504 205

299 603 548 712 predicabat,
559 603 674 681 simul
685 605 874 678 Romanos
895 618 933 678 et
939 587 1148 679 'Numidam
1162 629 1228 707 spe
1241 604 1344 708 pacis
1360 605 1585 698 adtinuisse,
1598 606 1700 682 mul·

298 747 458 832 tumque
467 755 557 804 cum
571 729 700 804 animo
712 751 780 800 suo
795 726 944 801 volvere
955 727 1128 818 solitum,
1142 727 1371 832 Iugurtham
1381 731 1560 806 Romanis
1572 757 1623 808 an
1637 730 1697 806 illi

294 836 443 961 Sullam
456 851 637 926 traderet:
651 849 867 925 lubidinem
880 848 1082 928 advorsum
1094 877 1178 941 nos,
1193 869 1339 928 metum
1357 881 1429 957 pro
1441 853 1551 928 nobis
1563 854 1697 929 suasis·

295 975 617 1080 se..1giturSulla:
630 1000 753 1082 pauca
766 999 895 1048 coram
904 977 1045 1076 Aspare
1060 974 1283 1050 locuturum
1296 1003 1307 1068 ;
1320 993 1442 1051 cetera
1454 976 1619 1065 occulte,
1630 991 1699 1054 aut
1712 1013 1766 1074 ¹09

295 1099 424 1191 nullo,
449 1116 518 1174 aut
531 1126 650 1202 quam
665 1087 912 1201 paucissumis
931 1099 1205 1200 praesentibus:
1230 1097 1346 1174 simul
1364 1098 1513 1190 edocet,
1535 1123 1621 1202 quae
1639 1126 1697 1175 re-

294 1222 582 1325 sponderentur.
623 1225 829 1324 Postquam
842 1220 955 1295 sicuti
968 1220 1158 1316 voluerat,
1183 1223 1389 1328 congressi,
1414 1223 1529 1296 dicit:
1554 1249 1592 1298 se
1609 1222 1697 1297 mis·
1751 1243 1757 1256 ·

292 1369 378 1418 sum
402 1371 424 1418 a
446 1344 609 1419 Consule
630 1345 772 1418 venisse
791 1344 993 1446 quaesitum
1012 1345 1061 1418 ab
1080 1371 1142 1434 eo,
1165 1373 1315 1448 pacem,
1336 1373 1387 1422 on
1407 1346 1553 1420 bellum
1579 1345 1697 1449 agita·

293 1482 401 1540 turus
414 1465 520 1540 foret.
543 1469 644 1540 Tum
657 1491 738 1555 rex,
752 1467 810 1539 uti
822 1484 1056 1570 praeceptum
1067 1466 1209 1557 fuerat,
1220 1485 1306 1572 post
1319 1469 1421 1544 diem
1434 1469 1626 1543 decimum
1638 1493 1696 1542 reb

292 1589 374 1664 dire
391 1589 497 1664 iubet
502 1622 514 1687 3
526 1616 571 1663 ac
579 1587 681 1664 nihil
698 1589 813 1663 etiam
827 1615 933 1664 nunc
949 1589 1163 1680 decrevisse,
1175 1593 1238 1664 sed
1253 1592 1319 1665 illo
1333 1591 1401 1666 die
1411 1617 1681 1702 responsurum
1686 1619 1698 1683 ;

293 1711 382 1787 dein
402 1713 514 1787 ambo
532 1713 574 1786 in
601 1737 667 1786 sua
688 1729 808 1787 castra
826 1709 988 1815 digressi.
1027 1711 1099 1788 Sed
1119 1712 1189 1787 ubi
1209 1713 1437 1816 plerumque
1458 1713 1586 1788 noctis·
1606 1739 1695 1816 pro-
1807 1735 1819 1746 “

291 1835 415 1926 cessit,
438 1836 544 1911 Sulla
568 1862 590 1910 a
615 1833 763 1910 Boccho
785 1835 933 1910 occidte
954 1835 1185 1911 accersitur:
1209 1836 1259 1909 ab
1280 1853 1446 1939 utroque
1462 1852 1697 1912 tantummo

291 1956 340 2032 do
369 1955 437 2033 fidi
472 1939 693 2060 interpretes
722 1956 987 2033 adhibentur:
1023 1973 1203 2062 praetereo
1237 1959 1369 2033 Dabar
1398 1958 1704 2050 internuncius,

290 2095 441 2156 sanctus
454 2081 514 2156 vir
528 2096 567 2156 et
586 2106 633 2155 ex
650 2081 838 2156 sententia
867 2082 1061 2156 ambobus.
1095 2086 1150 2157 Ac
1172 2083 1301 2158 statim
1324 2083 1378 2157 sic
1403 2109 1469 2156 rex
1486 2081 1624 2185 incipit
1635 2115 1650 2156 zv

393 2259 414 2294 ,‚
439 2204 660 2306 Numquam
691 2229 758 2308 ego
787 2220 891 2278 ratus
915 2229 1001 2279 sum
1021 2204 1122 2296 fore,
1147 2209 1205 2278 uti
1227 2233 1292 2280 rex
1323 2229 1529 2280 maxumus
1547 2205 1591 2279 in
1620 2203 1694 2282 hac
1709 2246 1764 2287 rso

290 2341 389 2400 terra
419 2341 457 2401 ct
487 2325 685 2413 omnium,
707 2351 802 2426 quos
831 2328 945 2418 novi,
970 2330 1118 2430 privato
1147 2326 1298 2402 homini
1324 2329 1486 2432 gratiam
1509 2326 1702 2404 deberem..

288 2449 338 2520 Et
366 2446 603 2523 mehercule
626 2447 757 2535 Sulla,
783 2463 872 2522 ante
898 2463 934 2522 te
960 2449 1177 2551 cognitum,
1201 2449 1335 2524 multis
1368 2451 1586 2540 orantibus,
1611 2451 1695 2526 aliis

287 2571 390 2647 ultro
408 2586 554 2678 egomet
576 2597 689 2675 opem
708 2567 799 2657 tuli,
816 2567 963 2645 nullius
987 2570 1149 2675 indigus.
1183 2570 1623 2674 Idimminutum‚quod
1636 2599 1693 2648 ce-

285 2791 370 2854 Bern.
385 2796 414 2855 Ξ.
434 2793 568 2855 cormello
586 2813 648 2855 om.
660 2791 723 2853 Bes.
737 2787 767 2864 d.
784 2800 850 2872 post
857 2790 1070 2872 pertimesceret
1089 2791 1177 2872 pauci
1190 2791 1343 2852 deteriores
1357 2787 1441 2850 illum
1457 2788 1600 2863 accitum,
1614 2797 1695 2870 qnod

284 2917 319 2958 co
331 2907 465 2960 secem
474 2909 539 2961 erut
547 2939 558 2971 ,
575 2919 660 2979 quem
671 2917 728 2958 esse
743 2896 889 2968 accitum,
918 2907 947 2956 ct
964 2897 1032 2955 talis
1050 2893 1176 2961 addunt.
1196 2915 1226 2956 ss
1241 2912 1343 2956 cavero
1361 2893 1424 2953 Bas.
1441 2893 1470 2964 4.
1497 2912 1601 2955 cavero
1620 2897 1689 2957 vin.

284 3021 313 3060 ι.
333 3002 415 3064 th.
431 3023 458 3063 ι.
478 3003 582 3064 Fraus.
601 3003 697 3064 Strur.
718 3001 808 3062 Acad.
826 3001 907 3065 Vrat.
924 3005 952 3062 3.
974 2999 1114 3072 Guels.4.
1125 3020 1171 3061 ιι.
1189 3020 1240 3060 ιι.
1256 3000 1395 3060 meliores
1411 2997 1538 3058 Grutcri.
1560 2999 1651 3067 Mark.
1660 3015 1690 3070 r.

283 3117 319 3171 Λ.
339 3105 426 3166 Bern.
439 3104 469 3166 ὅ.
490 3106 591 3166 caveri
601 3107 698 3170 ceteri.
718 3105 888 3166 Romanum
907 3105 975 3164 Seu.
985 3125 1014 3164 2.
1035 3103 1136 3165 lieuss.
1157 3104 1283 3165 Betui.

365 3229 438 3304 Cap.
450 3253 517 3313 ¹09·
537 3231 622 3291 Sulla
636 3233 784 3311 respondit
803 3231 925 3293 verbum
948 3252 1009 3296 om.
1031 3231 1129 3291 Guelfi
1146 3253 1175 3294 ι.
1189 3230 1240 3293 Ac.
1261 3233 1366 3301 Frons.
1387 3234 1471 3294 Paris.
1483 3255 1510 3295 a.
1531 3233 1627 3296 Plures
1636 3235 1693 3296 lti-

280 3339 332 3402 rii.
350 3338 446 3399 Merit.
454 3350 485 3403 r.
504 3338 686 3398 interlineas
701 3334 800 3396 habet.
819 3335 916 3395 Sonat.
937 3355 967 3400 2.
986 3335 1090 3415 Hense·
1116 3336 1149 3395 in
1164 3338 1233 3396 aliis-
1245 3341 1349 3397 locum
1361 3349 1469 3398 mutat..
1495 3357 1525 3398 se
1551 3339 1639 3404 locut.
1663 3359 1698 3399 se

282 3462 344 3502 om.
359 3441 457 3504 Guelf.
470 3463 516 3504 ιο.
536 3441 640 3501 Franc.
661 3440 848 3502 duoWassii.
870 3459 947 3498 unus
964 3439 1056 3505 nivii.
1083 3440 1134 3520 qui
1156 3450 1186 3500 et
1206 3441 1318 3502 occidte
1333 3462 1395 3501 om.
1417 3453 1448 3502 ct
1457 3439 1572 3502 Sullam
1592 3441 1693 3504 scribit

283 3545 406 3609 Parius.
426 3567 515 3630 supra
528 3547 637 3608 Ιίιιοιιιι
652 3555 694 3605 est
716 3547 800 3606 Paris.
813 3542 843 3601 h.
873 3542 988 3603 occidto
1009 3541 1125 3605 Febric.
1135 3564 1162 3603 2.
1193 3565 1258 3604 om.
1275 3545 1371 3606 Guels.
1385 3565 1414 3612 1.
1433 3547 1548 3606 occulto
1571 3547 1691 3609 viat-3.

282 3651 394 3710 occidte
410 3651 491 3711 mallo
512 3649 677 3712 Rern-sd.
697 3649 798 3714 Turio.
822 3647 881 3709 sibi
893 3649 1029 3728 respond.
1049 3647 1113 3710 sibi.
1134 3668 1199 3714 om.
1211 3649 1360 3712 Gruterus.
1384 3648 1481 3710 Guelf.
1497 3671 1522 3714 ι.
1544 3669 1620 3710 unus
1637 3648 1692 3706 Ri-

281 3756 332 3820 vii.
352 3759 450 3836 plures
460 3755 544 3815 Leid.
561 3754 650 3816 simul
661 3753 810 3834 congressi
824 3761 900 3812 sunt·
919 3751 1022 3823 ΒΜ.
1048 3752 1479 3820 semiss.seom.Guelf.1.6.
1501 3753 1561 3812 duo
1578 3751 1691 3811 Wassii.

284 3859 434 3936 quoedtam
451 3859 488 3919 ab
504 3878 550 3918 eo.
569 3859 606 3918 ob
624 3878 658 3919 eo
672 3879 737 3918 cm.
754 3854 865 3918 hond.
883 3876 974 3935 pror.
988 3857 1106 3934 ficerat.
1118 3859 1228 3934 sacrm
1247 3878 1308 3917 om.
1328 3859 1425 3923 Guelf.
1437 3859 1468 3928 d.
1483 3865 1548 3936 post
1560 3854 1622 3914 dies
1636 3856 1693 3915 dc-

285 3980 348 4021 oem
368 3961 420 4024 Ac.
440 3961 561 4022 Leidd.
581 3961 651 4022 deris
667 3962 754 4022 norbo
772 3960 872 4026 Turio.
891 3981 911 4020 o
926 3961 1060 4021 Boccho.
1078 3983 1098 4022 a
1113 3983 1174 4021 orn.
1187 3963 1249 4021 Bas.
1263 3965 1292 4034 d.
1313 3971 1430 4022 sanctus
1445 3959 1493 4020 vir·
1512 3979 1549 4019 er
1568 3969 1689 4020 sentent.

285 4065 364 4126 iurat
382 4067 423 4126 ita
438 4067 540 4146 vulgo.
557 4063 607 4124 vir
624 4085 689 4124 om.
699 4063 797 4130 Guelf.
812 4086 837 4124 ι.
862 4065 944 4126 Vrat.
957 4084 984 4124 2.
1005 4067 1105 4124 inco.
1125 4063 1246 4124 iuratio
1261 4067 1361 4125 multis
1376 4065 1456 4125 libris
1472 4069 1570 4124 locum
1587 4074 1690 4126 mutat.

285 4177 384 4228 sancte
397 4168 477 4226 iurat
495 4166 580 4226 Bem.
595 4186 621 4226 ι.
641 4167 741 4227 Turio·
760 4167 868 4228 iuravit
887 4167 1009 4228 Leidn.
1032 4168 1124 4226 irttrot
1146 4169 1233 4234 Polat.
1252 4191 1280 4250 7.
1302 4169 1398 4229 inerat
1418 4170 1502 4230 Bora.
1514 4169 1541 4228 3.
1562 4151 1689 4241 ‘Parate

243 4337 249 4343 ,
287 4273 316 4332 6.
337 4273 416 4332 iurat
436 4290 497 4329 om.
518 4269 619 4334 Gucli.
630 4270 658 4334 6.
668 4293 697 4350 9.
713 4290 762 4328 ιι.
779 4270 864 4329 Febr.
884 4273 951 4331 Sen.
968 4292 997 4332 ι.
1016 4273 1106 4334 Paris.
1117 4293 1142 4333 e.
1163 4293 1249 4354 super
1261 4275 1350 4333 lineas
1370 4276 1455 4336 Poris.
1469 4275 1499 4336 d.
1520 4285 1547 4334 et
1562 4295 1599 4334 ex
1616 4285 1687 4335 sent.

285 4377 352 4438 Sen.
366 4398 392 4437 1.
414 4375 552 4454 Guelf.9.
574 4372 684 4456 rsrsic
704 4373 776 4456 [fur.
797 4372 923 4434 Bornr.
964 4439 966 4444 ¹
