4582 5320
1636 400 1699 451 101

302 544 430 620 locum
456 542 734 620 Catabathmon
757 544 892 624 incolae
922 546 1127 652 adpellant.
1170 549 1277 625 Mare
1303 575 1462 640 soevum,
1496 552 1707 656 importuo-
1794 539 1800 558 ⁸

299 693 403 762 sum3
427 695 514 772 ager
531 668 687 771 frugum
704 667 852 762 fertilis,
876 670 1000 745 bonus
1015 673 1160 775 pecori,
1184 671 1313 748 arbori
1332 672 1583 749 infecundus:
1608 676 1705 754 eoelo

303 809 478 896 terraque
514 791 676 896 penuria
705 819 903 894 aquarum.
958 793 1090 872 Genus
1124 794 1331 871 bominum
1355 797 1503 872 salubri
1532 824 1707 900 corpore:

302 916 429 1006 velox,
452 915 600 1020 patiens
622 915 816 991 laborum:
841 917 1042 1022 plerosque
1059 937 1229 994 senectus
1248 918 1433 1010 dissolvit,
1460 921 1531 994 nisi
1546 921 1614 1022 qui
1633 920 1706 996 fer-

303 1066 345 1112 ro
363 1056 433 1113 aut
456 1039 581 1113 bestiis
603 1039 804 1115 interiere:
830 1069 921 1116 narn
943 1043 1098 1117 morbus
1126 1041 1235 1118 baud
1262 1068 1359 1144 soepe
1386 1068 1622 1144 quemquam
1645 1069 1707 1116 su·

303 1180 419 1266 perat.
452 1161 512 1237 Ad
535 1160 608 1236 hoc
636 1162 799 1238 malefici
826 1165 970 1269 generis
991 1165 1160 1271 plurima
1185 1166 1377 1240 animalia.
1427 1164 1499 1239 Sed
1521 1165 1588 1266 qui
1607 1191 1708 1239 mor·

306 1285 395 1358 tales
428 1285 540 1360 initio
570 1285 738 1360 Africam
771 1283 998 1380 habuerint,
1034 1289 1179 1392 quique
1212 1303 1339 1391 postea
1367 1287 1606 1374 accesserint,
1634 1302 1709 1384 aut

265 1463 268 1470 .
306 1409 497 1509 quomodo
516 1409 617 1483 inter
635 1435 673 1483 se
688 1411 866 1512 permixti
887 1411 984 1505 sint3
1007 1438 1243 1515 quamquam
1262 1411 1312 1484 ab
1330 1436 1373 1484 ea
1387 1408 1506 1500 fama,
1531 1435 1617 1511 quae
1630 1411 1711 1513 ple-

307 1559 439 1634 rosque
457 1531 620 1621 obtinet,
653 1533 847 1608 divorsum
868 1551 952 1608 est:
989 1550 1116 1610 tamen
1148 1535 1207 1608 uti
1231 1560 1276 1607 ex
1298 1533 1405 1607 libris
1431 1533 1606 1622 Punicis,
1641 1533 1709 1633 qui

306 1657 397 1759 regis
412 1655 636 1759 Hiempsalis
654 1654 897 1745 dicebantur,
922 1657 1216 1759 interpretatum
1242 1656 1351 1730 nobis
1376 1671 1449 1744 est,
1476 1657 1612 1758 utique
1630 1681 1711 1729 rem

308 1805 382 1853 sese
406 1778 545 1854 habers
568 1779 729 1852 cultores
748 1778 826 1852 eius
847 1796 954 1853 terrae
979 1795 1139 1882 putant,
1165 1806 1281 1883 quarn
1301 1778 1548 1882 paucissumis
1577 1777 1710 1853 dicam.

310 1905 484 1978 Ceterum
498 1900 588 1976 fides
610 1902 689 1977 eius
710 1905 764 1976 rei
788 1929 901 2006 penes
918 1919 1088 1977 auctores
1116 1903 1198 1977 erit.
1232 1901 1399 1976 Africam
1418 1902 1530 1974 initio
1544 1899 1713 1974 habuere
1728 1925 1763 1983 ‚s

312 2025 441 2099 Getuli
460 2042 498 2100 et
517 2026 676 2128 Libyes}
701 2027 821 2129 asperi
849 2027 1083 2129 incultique;
1118 2026 1204 2126 quis
1233 2025 1341 2100 cibus
1365 2040 1447 2098 erat
1467 2047 1556 2100 caro
1592 2021 1713 2096 ferina

290 2167 424 2250 atque
448 2146 559 2224 humi
579 2148 788 2252 pabulum,
811 2149 869 2221 uti
899 2149 1107 2252 pecoribus.
1157 2148 1209 2220 Hi
1243 2173 1368 2247 neque
1400 2145 1569 2220 moribus
1591 2171 1716 2246 neque

312 2271 390 2375 lege
426 2289 494 2346 aut
531 2272 691 2376 imperio
724 2271 949 2374 cuiusquam
977 2271 1237 2375 regebantur:
1268 2270 1375 2374 vagi,
1404 2269 1593 2372 palantes,
1622 2291 1716 2368 quas

314 2423 388 2470 nox
419 2412 583 2500 coegerat
605 2394 706 2472 sedes
738 2393 941 2468 habebant.
980 2395 1051 2468 Sed
1073 2409 1275 2496 postquam
1306 2393 1348 2466 in
1369 2393 1552 2495 Hispania
1572 2393 1717 2466 Hercu-

315 2521 437 2608 culeS,
462 2519 572 2594 sicuti
599 2518 681 2593 Afri
701 2533 857 2620 putant,
883 2516 1047 2608 interiit;
1079 2517 1262 2589 exercitus
1288 2514 1388 2603 eius,
1415 2515 1643 2617 compositus
1672 2539 1718 2588 ear

315 2644 424 2718 variis
444 2644 643 2746 gentibus,
676 2641 808 2714 amisso
829 2640 926 2714 duce
956 2666 1000 2712 ac
1028 2639 1165 2741 passim
1195 2635 1326 2710 multis
1360 2635 1432 2708 sibi
1463 2635 1624 2738 quisque
1647 2636 1717 2708 im-

316 2766 464 2868 perinm
482 2765 715 2869 petentibus,
736 2764 840 2840 brevi
868 2763 1061 2838 dilabitur.
1104 2763 1160 2834 Ex
1190 2786 1234 2835 eo
1256 2783 1419 2836 numero
1443 2755 1564 2846 Medi,
1598 2759 1716 2830 Persae

317 2905 353 2963 et
378 2889 554 2979 Armeni,
580 2889 740 2963 navibus
762 2889 803 2964 in
824 2887 992 2962 Africam
1018 2881 1236 2974 transvecti,
1264 2905 1468 2986 proxumos
1490 2894 1618 2976 nostro
1638 2904 1717 2950 rna-

318 3089 367 3148 bus
378 3087 433 3166 iqs.
453 3089 533 3149 Vrat.
548 3108 574 3146 2.
595 3087 698 3147 Franc.
720 3085 817 3145 Guelt.
832 3105 877 3152 22.
899 3086 957 3144 ἰιιο.
981 3104 1006 3142 2.
1026 3083 1106 3146 Leid.
1120 3083 1149 3140 lr.
1169 3081 1261 3140 Marl.
1274 3093 1305 3144 r.
1327 3079 1468 3140 orborum
1486 3075 1556 3136 vin.
1571 3097 1598 3135 2.
1620 3075 1719 3134 Guelf.

318 3193 347 3264 l.
364 3193 448 3252 Bem.
465 3213 490 3252 1.
511 3192 570 3252 nisi
581 3192 643 3271 quis
654 3225 672 3239 -
684 3190 827 3252 interierit
855 3189 936 3252 Leid.
949 3191 970 3246 l.
992 3187 1158 3245 habuerunt
1185 3184 1282 3246 Guels.
1294 3205 1323 3262 9.
1341 3204 1386 3241 ιο.
1403 3203 1448 3246 22.
1469 3182 1549 3241 Vrat.
1568 3201 1592 3244 ι.
1610 3199 1636 3237 2.
1658 3180 1719 3240 inc.

323 3319 348 3356 1.
369 3307 421 3357 aut
439 3319 495 3376 qno
510 3299 598 3358 modo
615 3296 692 3356 inter
706 3316 735 3356 se
747 3294 890 3377 permitti
903 3292 961 3353 sint
987 3275 1123 3386 hec-om.
1141 3289 1223 3347 Gort.
1251 3289 1329 3346 inter
1347 3307 1376 3346 se
1391 3285 1480 3344 mitti
1493 3284 1552 3344 sint
1571 3283 1668 3342 Senot.
1692 3302 1720 3343 2.

321 3402 418 3467 Heuss.
439 3403 589 3482 interpret.
607 3401 673 3460 nob.
691 3411 740 3464 cst.
762 3400 829 3460 nob.
850 3419 911 3456 om.
932 3395 1003 3476 Reg.
1026 3395 1178 3472 interpret.
1196 3401 1237 3451 cst
1257 3391 1324 3450 nob.
1345 3390 1408 3449 Bos.
1421 3389 1450 3461 l.
1469 3388 1540 3448 Tur.
1560 3395 1647 3466 atque
1661 3406 1723 3446 rem

322 3506 433 3572 Fabric.
448 3528 473 3565 2.
493 3505 583 3565 dead.
603 3507 662 3570 inc.
678 3527 702 3569 1.
724 3504 793 3563 Tur.
809 3524 850 3566 m.
862 3521 908 3581 pr.
927 3500 1013 3558 Bern.
1029 3520 1054 3557 2.

403 3634 476 3716 Cep.
492 3636 538 3695 28.
562 3631 661 3694 Gauda·
677 3635 810 3693 meliores
827 3630 943 3690 Gruteri
963 3638 991 3688 et
1009 3626 1101 3687 Certii
1118 3624 1196 3684 libri.
1224 3621 1321 3702 asperi
1337 3622 1446 3684 inculti
1463 3621 1560 3683 Guell.
1579 3641 1624 3682 22.
1653 3640 1724 3699 quet

325 3762 384 3802 noe
403 3744 443 3802 ita
455 3740 571 3800 Gruter.
592 3739 682 3800 Wass.
703 3737 850 3798 Commel.
880 3732 977 3794 Pemb.
998 3731 1131 3794 Mothr-
1146 3741 1181 3792 Λ.
1201 3729 1263 3787 llas.
1281 3749 1306 3787 ι.
1327 3727 1413 3787 Bern.
1434 3747 1460 3786 2.
1482 3746 1540 3805 quo
1560 3724 1672 3784 Febris.
1698 3745 1723 3783 2.

323 3847 416 3908 Struv.
436 3847 495 3905 inc.
516 3844 600 3903 Rem.
615 3863 642 3904 2.
661 3843 800 3903 Vinam.
820 3841 899 3901 Vrat.
915 3837 944 3898 ὅ.
965 3836 1050 3895 Bodl.
1073 3832 1199 3894 Putsohii
1216 3833 1294 3893 libri.
1320 3835 1419 3909 plures
1432 3829 1522 3888 Pelet.
1544 3829 1611 3892 Ecc.
1632 3827 1723 3888 Acsd.

326 3973 365 4010 ιιι.
379 3971 435 4012 sec.
456 3949 553 4008 Guels.
567 3968 594 4009 2.
610 3948 639 4009 5.
656 3971 684 4029 7.
696 3969 725 4028 9.
740 3967 785 4006 ιο.
799 3966 845 4005 ιι.
863 3965 908 4004 22.
927 3941 997 4002 Tur.
1017 3939 1102 3998 Bern.
1112 3938 1141 3998 3.
1161 3938 1223 4004 llas.
1236 3940 1264 4008 4.
1285 3945 1337 3995 out
1351 3931 1472 4013 irnperio
1487 3933 1548 3992 Bas.
1563 3930 1724 4002 1,4,130m,

333 4060 397 4118 nt.
427 4073 529 4113 omnes
541 4051 622 4118 leid.
654 4050 754 4112 multis
765 4050 820 4112 sibi
832 4050 948 4128 quisquc
974 4048 1013 4104 its
1032 4045 1166 4103 meliores
1179 4042 1257 4104 libri.
1278 4041 1395 4119 quisquc
1416 4058 1477 4097 om.
1503 4037 1599 4097 Strur.
1619 4033 1724 4097 Frsnc.

329 4159 424 4221 Goell.
438 4158 466 4229 Δ.
478 4179 507 4237 9.
527 4176 634 4216 22..22.
662 4155 742 4217 Leid.
756 4152 880 4237 g.b.‹m.
909 4149 989 4214 brevi
998 4149 1170 4210 dilabuntur
1188 4145 1263 4205 llos.
1291 4143 1353 4204 Bas.
1369 4165 1393 4202 2.
1418 4161 1465 4199 ιιι.
1479 4157 1534 4198 sec.
1553 4137 1635 4197 Leid.
1650 4136 1680 4198 b.
1693 4137 1726 4198 d.

330 4262 462 4322 materies
480 4263 547 4321 Ecc.
568 4283 609 4326 m.
620 4281 675 4322 sco.
697 4259 794 4319 Guell.
808 4279 853 4322 ιο.
870 4275 966 4318 seeum
982 4253 1063 4313 mise.
1081 4269 1176 4311 seeum
1196 4269 1257 4308 om.
1268 4246 1402 4317 Goelld.
1419 4243 1486 4306 Ere.
1497 4263 1538 4302 222.
1548 4262 1594 4323 pr.
1614 4241 1727 4306 Arond.

333 4367 403 4451 fleg.
417 4365 524 4432 Pemb.
546 4385 643 4446 m-pr.
664 4361 718 4424 ubi
735 4361 819 4423 bem.
831 4359 860 4420 Ξ.
886 4361 982 4423 Strui.
1015 4350 1272 4416 attaoetndeotta
1287 4348 1353 4411 loco
1373 4349 1435 4412 Bas.
1453 4369 1478 4411 2.
1497 4345 1610 4411 Fabric-
1630 4346 1727 4416 Strui.
