4570 5316
626 345 695 440 ιι,

623 547 683 600 ret
705 547 777 627 pro
802 521 932 628 praeda
954 520 1043 598 sore
1093 521 1239 628 Tamen
1264 517 1420 595 interim
1444 514 1655 621 transfugae
1678 531 1718 592 et
1738 515 1832 593 alios
1852 533 2035 622 opportu-

630 670 720 736 nos,
747 644 933 751 Iugurtha
957 645 1027 719 ubi
1049 644 1222 750 gentium
1245 659 1314 718 aut
1340 642 1437 746 quid
1464 640 1640 745 agitaret3
1663 667 1753 715 cum
1773 641 1956 745 paucisne
1980 667 2037 718 et·

626 785 700 858 tet,
726 794 779 843 an
799 767 1008 844 exercitum
1021 765 1200 863 baberet;
1226 782 1272 842 ut
1288 791 1363 842 sese
1384 764 1505 841 victus
1520 779 1682 868 gereret,
1707 763 1948 868 exploratum
1962 765 2036 840 ‘mi-

627 892 685 968 sit
734 891 787 968 At
809 890 876 966 ille
902 915 978 966 sese
1010 891 1053 966 in
1086 891 1171 966 loca
1199 891 1363 966 saltuosa
1398 903 1438 966 et
1467 901 1608 962 natura
1633 889 1786 961 munita
1814 906 2037 993 receperat:

627 1013 763 1117 ibique
787 1015 945 1117 cogebat
969 1015 1180 1088 exercitum
1204 1036 1367 1089 numero
1394 1007 1599 1085 bominum
1623 1010 1868 1114 ampliorem,
1891 1012 1957 1086 sed
1976 1011 2038 1088 be-

628 1138 756 1214 betem
773 1137 1071 1240 infirmumque,
1099 1136 1180 1244 agri
1190 1143 1244 1210 'ac
1274 1132 1422 1240 pecoris
1446 1132 1564 1236 magis
1585 1159 1703 1234 quam
1726 1132 1819 1208 belli
1846 1134 2038 1210 cultorem

629 1261 677 1338 ld
694 1288 737 1336 ea
759 1260 880 1366 gratia
901 1261 1116 1352 eveniebat,
1136 1259 1244 1365 quod
1259 1275 1398 1364 praeter
1417 1255 1536 1362 regios
1559 1255 1704 1358 equites
1724 1283 1838 1332 nemo
1866 1259 2039 1334 omnium

629 1382 886 1462 Numidarum
902 1409 949 1458 ex
968 1383 1056 1488 fuga
1078 1411 1203 1489 regem
1218 1381 1410 1486 nequitum
1424 1407 1503 1484 quo
1519 1379 1705 1482 cuiusque
1723 1380 1874 1454 animus
1888 1379 1979 1472 lert,
1998 1407 2039 1458 eo

631 1507 864 1584 discedunt:
888 1534 1013 1610 neque
1034 1506 1075 1582 id
1103 1506 1294 1613 flagitium
1313 1503 1462 1580 militiae
1481 1501 1639 1580 ducitur
1658 1535 1668 1576 ι
1692 1501 1746 1577 ita
1765 1529 1804 1578 se
1836 1531 1959 1581 mores
1973 1504 2039 1582 ba·

631 1630 735 1706 bent.
785 1619 908 1744 Igitur
926 1630 1101 1706 Metellus
1119 1630 1190 1706 ubi
1213 1629 1318 1706 videt
1334 1627 1450 1704 etiam
1469 1639 1555 1702 tum
1575 1627 1671 1731 regis
1687 1627 1862 1702 animum
1878 1626 2038 1706 fereeem

630 1779 722 1849 esse,
740 1754 888 1829 bellum
907 1755 1103 1844 renovari,
1120 1752 1245 1856 quod,
1264 1751 1337 1827 nisi
1355 1778 1402 1827 ex
1419 1751 1523 1825 illiue
1539 1749 1735 1842 lubidine,
1755 1751 1834 1855 geri
1856 1779 1937 1828 non
1957 1779 2038 1858 poa·

631 1892 706 1970 eet5
729 1892 910 1979 praeterea
936 1877 1139 1952 inimicum
1162 1892 1356 1952 certamen
1378 1873 1452 1952 eibi
1473 1902 1564 1950 cum
1587 1873 1779 1964 hostibus,
1806 1875 1956 1952 minore
1976 1876 2036 1952 de·

633 1999 815 2073 trimento
836 1997 922 2072 illos
944 1998 1047 2074 vinci
1066 2025 1185 2102 quam
1200 2024 1286 2074 suos
1302 1997 1454 2073 vincere
1473 2029 1483 2074 ι
1507 1997 1643 2074 statuit
1656 2024 1737 2072 non
1756 1997 1897 2101 praeliis
1916 2026 2037 2104 neque

631 2115 676 2196 in
710 2119 812 2210 acie,
835 2120 997 2197 sedulio
1018 2145 1125 2197 more
1159 2121 1308 2196 bellum
1339 2120 1564 2224 gerrmdum.
1614 2125 1750 2224 Itaque
1771 2122 1814 2194 in
1853 2123 2037 2198 Numidia

631 2243 716 2320 loca
743 2242 1028 2348 opulentissima
1053 2247 1194 2350 pergit,
1215 2269 1322 2350 agros
1340 2260 1480 2334 vastat,
1494 2244 1618 2319 multa
1643 2243 1795 2320 castella
1822 2261 1861 2319 et
1879 2246 2039 2350 oppida,

633 2381 773 2442 temere
800 2367 952 2441 munita
982 2383 1051 2442 aut
1070 2367 1152 2443 eine
1170 2367 1363 2474 praesidio,
1379 2367 1483 2471 capit
1501 2365 1766 2472 incenditque,
1788 2369 1948 2472 puberes
1983 2371 2039 2446 in·

633 2489 788 2580 terficit,
815 2488 923 2566 iubet
952 2489 1029 2565 alia
1059 2491 1203 2568 omnia‘
1222 2491 1393 2566 militnm
1416 2489 1587 2594 praedam
1618 2515 1702 2566 etse
1751 2493 1806 2566 Ea
1838 2493 2039 2572 formidine

633 2612 737 2688 mult
766 2612 944 2688 mortales
964 2615 1144 2690 Romanis
1158 2613 1281 2690 dediti
1311 2613 1482 2708 obsides3
1506 2612 1746 2690 frumentum
1772 2632 1812 2690 et
1831 2616 1931 2708 alia,
1958 2644 2039 2722 que

634 2735 722 2812 usui
740 2735 886 2828 forent,
912 2735 1074 2813 adfatim
1092 2737 1253 2842 praebita
1278 2770 1287 2812 ε
1309 2737 1547 2841 ubicumque
1568 2763 1626 2814 ree
1651 2739 1870 2842 postulabat
1888 2798 1899 2832 ,
1917 2744 2039 2846 prusi-

635 2959 695 3022 inc.
716 2955 801 3025 liam.
816 2979 842 3020 ι.
868 2955 965 3022 8ῑιιιι.
989 2957 1115 3023 vtatt.
1144 2957 1244 3024 Gnell.
1257 2979 1303 3020 ιι.
1329 2957 1410 3020 Leid.
1423 2956 1528 3020 aab.
1548 2960 1768 3042 pluresWatsii.
1789 2961 1892 3035 band.
1913 2963 1996 3026 Bem.
2013 2985 2036 3025 ι.
2082 2987 2086 2994 ’

636 3059 727 3124 uttan
739 3063 873 3142 gentium
890 3061 962 3145 Τις.
980 3062 1062 3122 Leid.
1077 3062 1109 3121 b.
1121 3061 1150 3121 k.
1170 3063 1316 3126 vinam.
1337 3062 1428 3125 tud.
1448 3065 1545 3124 Senat
1558 3085 1586 3126 a.
1605 3065 1707 3130 lleutt.
1731 3069 1815 3128 Vrat
1833 3089 1859 3128 2.
1882 3068 1979 3130 Guell.
1997 3091 2039 3130 ιι.

641 3187 689 3226 ιι.
711 3166 797 3228 Bem.
811 3173 839 3232 5.
867 3185 965 3250 regam
980 3167 1150 3247 sequebatur·
1173 3165 1264 3228 lead.
1292 3166 1406 3233 Fabric.
1421 3189 1451 3231 a·
1471 3168 1567 3235 Strur.
1588 3169 1687 3230 Guett
1703 3192 1750 3236 ιο.
1774 3171 2038 3240 nitentat.

636 3287 714 3330 nnus
721 3273 835 3332 wanti.
846 3271 908 3332 Bas.
919 3273 948 3344 4.
968 3291 1001 3333 ea
1014 3273 1087 3332 duc.
1099 3293 1133 3333 eo
1144 3293 1205 3332 om.
1220 3272 1281 3333 Erl.
1294 3272 1429 3332 animum
1440 3272 1516 3353 regis
1528 3273 1619 3334 etiam
1631 3277 1832 3353 tumforooem
1847 3279 1888 3338 sic
1902 3277 2038 3343 Gruterus

635 3375 737 3455 paucis
758 3385 789 3434 et
811 3375 946 3436 deterior.
968 3377 1060 3436 Curtii
1084 3376 1166 3436 libris
1185 3376 1381 3459 omnibusque
1397 3376 1482 3437 Leid.
1498 3377 1736 3438 adsentientibus.
1764 3381 1854 3440 etiam
1877 3392 1942 3444 nvn
1959 3382 2051 3462 ‘regit

635 3475 731 3536 nm'm.
751 3477 861 3538 Fabric.
879 3479 976 3540 Turio.
996 3489 1061 3540 tum
1075 3489 1103 3540 et
1120 3501 1145 3540 r.
1162 3500 1192 3540 a.
1214 3479 1333 3540 Comm.
1360 3501 1422 3562 reg.
1436 3492 1465 3542 et
1482 3489 1504 3541 t.
1518 3501 1570 3548 an.
1600 3481 1652 3544 Aa.
1671 3483 1740 3544 Seu.
1753 3505 1779 3544 1.
1800 3486 1895 3550 strur.
1915 3487 1999 3553 Rem.
2010 3507 2036 3550 ι.

635 3581 771 3646 Guettr.
783 3581 852 3642 ab.
873 3583 993 3644 Palatin.
1007 3606 1032 3645 ι.
1044 3605 1074 3650 2.
1101 3584 1337 3665 etiamreg.tum
1349 3605 1402 3652 an.
1422 3586 1485 3646 Bas.
1502 3607 1529 3647 ι.
1548 3589 1648 3666 seror.
1661 3607 1720 3648 esre
1748 3590 1869 3653 verbum
1891 3613 1953 3654 om.
1974 3592 2035 3656 Eae.

634 3687 741 3746 bellun
765 3707 902 3749 revocare
926 3687 996 3770 Τις.
1026 3687 1180 3749 ἰηίιιιίιιιιιιι
1201 3699 1274 3750 cert.
1294 3688 1351 3752 atti
1371 3691 1412 3752 ita
1428 3693 1517 3774 longe
1531 3693 1655 3786 plurimi
1670 3692 1748 3756 libri.
1775 3695 1909 3774 iniqtunn
1938 3696 2036 3757 rana

634 3793 696 3852 inc.
710 3812 738 3851 1.
766 3782 867 3857 Guelf.
887 3813 913 3852 ι.
932 3811 959 3858 2.
973 3791 1003 3853 ὅ.
1024 3793 1107 3851 Leid.
1121 3792 1152 3852 d.
1165 3814 1194 3874 g.
1207 3814 1248 3852 ιιι.
1269 3812 1332 3855 non
1345 3793 1418 3874 iniq.
1438 3793 1521 3855 Leid.
1534 3817 1561 3856 o.
1582 3794 1615 3855 in
1635 3797 1699 3857 neit
1724 3799 1836 3861 Fabrie.
1857 3803 1917 3864 ine.
1937 3803 2037 3862 Vmer-

634 3894 697 3955 Ba't.
711 3915 739 3961 1.
758 3891 847 3956 lead.
867 3897 964 3957 Sonat.
978 3918 1007 3956 ι.
1025 3896 1130 3958 trane.
1151 3895 1250 3960 Guelf.
1267 3919 1293 3958 ι.
1306 3917 1335 3958 n.
1353 3903 1382 3962 3.
1393 3921 1422 3981 7.
1443 3901 1577 3960 melioret
1588 3901 1676 3960 Palat.
1698 3905 1868 3982 gerundum
1886 3904 2000 3968 Fabric.
2015 3926 2037 3964 ι.
2063 3899 2065 3907 ’

634 3997 1184 4080 tnd.ttaa1.Vrat.1.Gu01t1.9.
1209 4001 1287 4064 nivii
1299 4002 1378 4063 libri.
1405 4002 1491 4064 Bem.
1506 4025 1532 4062 ι.
1561 4004 1628 4065 loca
1638 4004 1730 4066 Num.
1750 4007 1809 4067 Erl.
1840 4009 1909 4090 Τις.
1934 4007 2036 4080 ΒΜ.

633 4100 703 4161 Τιιι.
722 4104 807 4170 Bem.
821 4126 847 4164 ι.
861 4110 888 4169 3.
915 4105 994 4186 capt‘t
1013 4105 1144 4166 incendit
1162 4107 1260 4166 Senat.
1276 4127 1305 4168 a.
1334 4107 1435 4169 lleust.
1462 4108 1600 4186 interficit
1615 4108 1691 4170 tuta
1707 4111 1749 4170 ita
1764 4131 1867 4172 omnes
1882 4113 1942 4174 sere
1965 4111 2037 4174 libn'.

636 4205 762 4282 interfici
780 4227 857 4270 unus
868 4209 997 4273 Puttchii
1014 4209 1097 4272 liber.
1114 4211 1220 4290 prada
1231 4229 1289 4272 ease
1306 4211 1403 4276 δίων.
1424 4199 1559 4281 Οιιοῑὶι.
1580 4217 1712 4304 nasot-e
1730 4217 1813 4283 Leid.
1824 4221 1845 4278 Ι.
1870 4219 1963 4298 preb.
1974 4225 2038 4281 sunt
