4570 5316
1601 379 1667 456 ¹97

159 553 162 558 “
268 533 343 609 llle'
353 533 483 610 statim
507 535 546 608 L
571 534 720 612 Sullam
734 551 772 610 et
799 535 840 610 sl
862 535 1055 612 Manlium
1083 536 1139 612 ire
1162 535 1278 614 iubet
1326 535 1406 634 Qui
1435 560 1672 639 quamquam

271 657 384 734 acciti
407 657 539 747 ibant,
557 673 685 734 tamen
710 657 859 762 placuit
881 661 994 736 v'erba
1017 659 1123 764 apud
1149 687 1276 765 regem
1298 660 1448 735 facere:
1473 655 1672 765 ingenium

270 796 339 856 aut
352 806 528 856 avonsum
543 782 603 856 uti
623 781 836 872 flecterent,
859 797 930 858 aut
946 782 1132 885 cupidum
1144 784 1248 887 pacis
1264 781 1524 860 vehementius
1539 809 1673 858 accen·

270 903 412 980 derent
462 907 597 1008 Itaque
617 906 742 995 Sulla,
767 906 876 980 cuius
906 905 1097 982 facundiae
1126 934 1207 983 non
1227 907 1330 982 aetati
1358 933 1380 980 a
1409 905 1556 984 Manlio
1581 931 1673 982 con-

271 1047 435 1128 cessum,
460 1055 583 1131 pauca
603 1029 718 1103 verba
745 1028 1010 1105 huiuscemodi
1031 1030 1209 1106 locutio:

343 1209 362 1242 „
387 1153 465 1228 Rex
479 1150 641 1244 Bocche,
666 1179 804 1256 magna
830 1153 940 1228 nobis
957 1153 1088 1227 laetitia
1107 1170 1183 1244 est,
1208 1179 1332 1256 quum
1362 1167 1398 1229 tc
1415 1153 1528 1229 talem
1546 1155 1677 1227 virum

272 1275 323 1349 Di
348 1301 550 1369 monuere,
575 1275 634 1349 uti
656 1275 866 1378 aliquando
884 1301 1018 1380 pacem
1042 1303 1161 1378 quam
1185 1276 1333 1352 bellum
1354 1277 1504 1370 malles;
1527 1303 1606 1350 neu
1637 1291 1676 1350 te
1779 1286 1786 1295 '

273 1413 477 1502 optumum
501 1424 592 1474 cum
608 1423 781 1502 pessumo
801 1401 975 1475 omnium
990 1399 1390 1504 Iugurthamiscendo
1419 1398 1675 1475 commacula-

272 1522 589 1616 ses;simulnobis
606 1520 774 1598 demeres
786 1523 962 1599 acerbam
975 1523 1312 1614 necessitudinem,
1329 1525 1474 1628 pariter
1493 1540 1530 1598 te
1542 1547 1676 1598 erran-e

273 1663 348 1722 tem
361 1662 476 1749 atque
488 1645 601 1720 illum
611 1646 953 1722 sceleratissumum
965 1648 1149 1750 persequi.
1175 1646 1235 1722 Ad
1246 1645 1320 1723 hoc
1338 1647 1484 1751 populo
1501 1648 1674 1720 Romano

273 1769 351 1844 iam
370 1797 393 1844 a
410 1769 601 1874 principio
621 1769 730 1873 inopi
751 1769 885 1846 melius
900 1770 1025 1845 visum
1048 1771 1188 1846 amicos
1205 1796 1324 1874 quam
1343 1795 1465 1844 servos
1489 1752 1673 1871 querere:

274 1895 393 1970 tutius
414 1893 509 1984 ¹rati,
533 1894 748 1968 volentibus
772 1920 890 1996 (quam
909 1892 1047 1968 coactis
1068 1891 1294 1995 imperitare.
1344 1893 1432 1966 Tibi
1450 1918 1540 1968 vero
1564 1890 1675 1966 nulla
1732 1895 1741 1903 “

274 2017 530 2122 opportunior
548 2032 675 2091 nostra
703 2016 896 2092 amicitia:
921 2016 1110 2119 primum,
1128 2015 1236 2117 quod
1251 2015 1389 2120 procul
1414 2015 1609 2105 absumus,
1632 2014 1677 2091 in

273 2166 352 2245 quo
369 2125 519 2216 offensae
528 2140 760 2229 minumum,
776 2137 897 2244 gratia
914 2165 986 2241 par
997 2165 1042 2212 ec
1053 2138 1083 2214 si
1096 2165 1216 2242 prope
1227 2138 1457 2231 adessemus3
1473 2138 1563 2214 dein
1572 2137 1678 2240 quod

273 2279 448 2367 parentes
466 2262 620 2338 abunde
636 2261 839 2352 habemus,
853 2262 1067 2337 amicorum
1085 2289 1211 2365 neque
1228 2262 1338 2339 nobis
1354 2289 1480 2366 neque
1493 2263 1679 2365 cuiquam

274 2388 451 2463 omnium
471 2387 560 2463 satis
579 2385 664 2462 fuit
696 2387 822 2488 Atque
837 2381 914 2458 boc
933 2384 1085 2458 utinam
1107 2411 1130 2458 a
1157 2385 1351 2489 principio
1369 2388 1440 2460 tibi
1460 2387 1680 2490 placuisset!

274 2511 444 2616 profecto
461 2537 508 2586 ex
525 2509 672 2614 populo
693 2510 865 2583 Romano
887 2505 935 2581 ad
957 2503 1031 2580 hoc
1053 2521 1202 2608 tempus
1219 2506 1343 2582 multo
1368 2509 1481 2609 plura
1499 2509 1600 2581 bona
1620 2533 1681 2581 ac-

277 2633 442 2738 cepisses,
457 2661 575 2738 quam
592 2632 693 2708 mala
714 2655 908 2734 penpessus
926 2653 1025 2704 esses.
1059 2627 1131 2704 Sed
1150 2628 1336 2731 quoniam
1349 2625 1611 2708 humanarum
1624 2653 1683 2703 re·
1753 2651 1754 2654 ’

276 2785 372 2834 rum.
385 2757 541 2834 fortuna
560 2757 744 2862 pleraque
765 2753 878 2859 regit3
902 2753 966 2828 cui
994 2751 1138 2828 scilicet
1157 2750 1343 2856 placuisse
1365 2770 1404 2826 et
1422 2751 1519 2842 vim,
1543 2767 1583 2826 et
1597 2775 1682 2856 gra-

278 2881 372 2958 tiam
394 2897 564 2958 nostram
585 2895 625 2958 te
643 2878 827 2985 experiri:
854 2903 978 2967 nunc,
997 2876 1155 2980 quando
1182 2875 1373 2980 perillam
1396 2875 1501 2964 licet,
1525 2873 1683 2964 festina,

276 3055 307 3126 4.
318 3055 347 3115 6.
364 3054 489 3117 dimon.
509 3051 570 3111 Bas.
586 3073 612 3112 ι.
627 3049 750 3117 Bernl.
772 3053 936 3132 dempserat
955 3049 1023 3110 Nan.
1044 3057 1073 3110 et
1088 3059 1118 3110 tc
1130 3058 1280 3110 errantem
1290 3047 1391 3122 Rivius
1405 3068 1438 3106 ex
1454 3047 1520 3106 suis.
1541 3054 1627 3124 alque
1643 3045 1686 3104 zt-

253 3159 339 3238 ¹¹lton
351 3177 392 3219 sc.
414 3156 478 3215 Bas.
488 3175 515 3214 1.
535 3154 620 3214 Bern.
635 3176 660 3213 1.
672 3156 701 3226 l.
722 3157 765 3214 nd
778 3156 839 3214 boe
853 3154 968 3214 utinam
982 3174 1002 3212 a
1012 3153 1159 3234 principio
1176 3152 1232 3212 tibi
1247 3151 1348 3212 melius
1361 3147 1456 3212 visen
1472 3150 1572 3214 Nazar.
1594 3149 1682 3208 Palat.

279 3283 307 3324 a.
322 3285 363 3322 m.
378 3283 435 3322 sac.
455 3258 571 3320 utinam
585 3262 671 3320 etiam
698 3259 795 3319 Turio.
819 3259 911 3318 addit.
933 3257 1049 3317 utinum
1061 3253 1207 3336 principio
1227 3255 1313 3315 Rern.
1328 3253 1357 3325 4.
1379 3255 1422 3315 ad
1442 3255 1500 3315 boc
1518 3252 1614 3314 visum
1626 3274 1686 3334 po-

274 3367 344 3445 pulo
360 3365 497 3428 Romano
524 3363 586 3424 iam
607 3384 626 3422 a
641 3362 789 3444 principio
804 3361 886 3442 inopi
911 3361 971 3420 Erl.
992 3357 1077 3440 inopi
1095 3380 1155 3419 om.
1177 3357 1549 3429 Guelfl1.3.4.Fabr.2.
1570 3359 1684 3439 aliquot

276 3472 411 3536 Manutii.
432 3471 554 3534 Palatio.
567 3468 596 3542 l.
617 3467 652 3527 P.
668 3467 707 3527 lt.
731 3466 809 3547 inop.
827 3465 1004 3526 molossum
1026 3463 1146 3524 Palatiu.
1160 3463 1187 3522 5.
1208 3460 1309 3522 melius
1328 3481 1389 3521 om.
1410 3461 1478 3523 Ecc.
1500 3461 1558 3522 Erl.
1579 3461 1642 3522 Bas.
1655 3463 1684 3534 4.

227 3603 229 3606 ·
278 3575 415 3636 hebemus
436 3575 552 3636 abunde
576 3573 646 3653 Teg.
675 3569 818 3650 ulliusque
838 3571 908 3631 rati.
939 3587 993 3648 qne
1011 3589 1072 3629 om.
1092 3570 1195 3630 incest.
1215 3589 1242 3630 a.
1269 3566 1407 3650 Gucll.7.
1432 3565 1521 3627 lulius
1543 3585 1600 3626 csse
1626 3567 1689 3627 rati

278 3680 340 3739 Bas.
363 3701 387 3744 ι.
417 3680 468 3738 scd
486 3699 544 3742 aesc
560 3700 601 3739 m.
620 3699 676 3738 sec.
699 3675 814 3740 adiecit.
848 3674 917 3755 qudo
936 3673 1043 3754 procul
1061 3673 1122 3752 Bas.
1138 3695 1164 3734 1.
1195 3672 1280 3736 Bern.
1296 3672 1368 3744 Μ.
1399 3669 1469 3731 dein
1492 3669 1561 3748 quio
1582 3668 1683 3728 Bam.

278 3784 401 3856 Beml.
429 3784 581 3863 satisfuit.
601 3793 642 3844 cst
672 3781 769 3846 Struv.
787 3779 946 3844 Vratisl.3.
965 3778 1033 3839 Ecc.
1056 3777 1152 3838 Guelf.
1170 3800 1197 3860 7.
1218 3775 1340 3840 terbum
1361 3797 1426 3835 om.
1444 3772 1541 3832 Guell.
1556 3771 1585 3842 l.
1613 3791 1687 3852 per-

277 3909 372 3970 possm
380 3897 421 3948 cst
442 3888 562 3948 Palatia.
573 3887 603 3959 4.
624 3884 732 3948 scillcet
750 3885 891 3966 pbscuissc
910 3887 950 3946 ita
964 3882 1103 3944 Gruteius
1118 3905 1153 3944 ex
1165 3883 1285 3942 Palatio.
1297 3898 1321 3943 ι.
1333 3877 1477 3939 accedunt
1486 3877 1586 3956 plures
1602 3875 1685 3936 Leid.

279 3993 376 4056 Senot.
396 4014 421 4051 ι.
442 3991 540 4052 Guell.
553 4013 580 4052 ι.
600 3994 650 4074 qui
658 3990 812 4071 ploau'ssct
827 3989 977 4064 exhibent,
997 3990 1084 4049 ceteri
1097 3989 1221 4059 carent,
1238 3981 1350 4066 placuit
1363 4001 1412 4042 seu
1423 3977 1599 4060 complacuit
1614 3982 1689 4060 plu·

282 4099 361 4158 rimi.
382 4106 409 4156 ct
434 4094 505 4156 vine.
531 4105 559 4154 ct
571 4096 693 4176 plurimi
710 4094 804 4155 Cortii
821 4114 881 4152 om.
909 4092 965 4152 titi
980 4089 1156 4173 aprincipio
1174 4088 1243 4169 Teg.
1264 4086 1326 4146 Bas.
1339 4085 1368 4156 4.
1396 4081 1492 4151 luite.
1513 4082 1637 4147 llam-3.
1658 4093 1688 4146 lc

281 4200 410 4282 aperiri
427 4200 511 4264 Rom.
529 4200 631 4264 Vinar.
651 4198 802 4258 Febrim.
823 4194 885 4261 Bas.
902 4195 966 4266 nl.
988 4193 1068 4254 leid.
1084 4190 1115 4250 h.
1129 4192 1150 4250 i.
1165 4211 1206 4254 m.
1225 4187 1511 4260 Turic.Bern.1.l.
1532 4186 1612 4252 Vral.
1632 4187 1687 4252 Ae.

281 4305 375 4368 Strui.
396 4303 480 4388 berg.
499 4302 598 4364 Guell.
610 4321 638 4361 a.
653 4301 681 4362 t.
697 4304 726 4373 A.
744 4302 772 4360 6.
788 4321 817 4381 9.
838 4319 883 4363 ιο.
903 4319 948 4358 ιι.
976 4295 1116 4375 quoniam
1126 4313 1181 4377 per
1193 4291 1277 4352 aum
1296 4291 1378 4355 leid.
1394 4289 1425 4354 b.
1440 4293 1468 4354 k.
1482 4295 1505 4356 1.
1520 4315 1561 4354 m.
1575 4313 1609 4356 n.
1628 4293 1688 4356 Pa·
