4582 5320
475 619 481 628 ·
608 567 692 656 bat,
717 582 764 641 ut
781 593 890 672 grege
917 568 1037 658 sacto,
1064 595 1153 643 cum
1181 569 1263 644 telis
1284 568 1333 644 ad
1353 593 1429 645 sese
1456 565 1725 672 irrumperent.
1764 567 1927 658 Consul,
1951 567 2021 655 ubi

608 716 652 766 ea
674 690 802 794 parari
829 693 1024 794 cognovit,
1047 691 1238 796 dispositis
1260 691 1461 794 praesidiis,
1487 708 1532 766 ut
1556 717 1612 766 res
1633 707 1748 794 atque
1770 707 1918 796 tempus
1943 719 2021 766 mo·

609 813 752 900 nebat,
772 830 977 916 convocato
995 817 1139 892 Senatu
1151 813 1292 903 refert,
1319 815 1480 920 quidde
1502 813 1562 890 bis
1590 810 1673 890 lie‘ri
1693 815 1859 918 placeat,
1884 815 1953 918 qui
1980 815 2019 889 in

608 935 822 1022 custodiam
855 937 985 1012 traditi
1007 953 1134 1012 erant.
1184 937 1257 1014 Sed
1281 965 1343 1013 eos
1373 937 1506 1043 paullo
1544 953 1633 1012 ante
1660 937 1838 1038 frequens
1863 938 2021 1012 Senatus

608 1059 841 1150 iudicaverat
864 1078 998 1136 contra
1026 1061 1306 1166 rempublicam
1329 1061 1468 1138 fecisse.
1517 1063 1620 1135 Tum
1641 1062 1688 1136 D.
1706 1055 1842 1134 Iunius
1861 1059 2020 1150 Silanus,

606 1183 754 1288 primus
784 1185 1012 1260 sententiam
1032 1201 1205 1290 rogatus,
1239 1185 1344 1288 quod
1368 1212 1412 1262 eo
1437 1201 1606 1288 tempore
1636 1182 1778 1259 Consul
1806 1183 2020 1286 designatus

606 1321 708 1395 erat,
733 1305 781 1380 de
805 1305 881 1396 bis,
908 1308 976 1410 qui
1001 1309 1043 1382 in
1065 1307 1243 1384 custodiis
1270 1307 1522 1396 tenebantur,
1548 1323 1728 1412 proeterea
1748 1305 1796 1380 de
1816 1307 1856 1380 1.
1876 1307 2020 1394 Cassio,

607 1434 644 1505 P.
673 1429 809 1517 Furio,
844 1435 880 1508 Ρ..
903 1403 1117 1521 Umbreno,
1143 1433 1190 1529 Q.
1207 1431 1357 1520 Annio,
1394 1431 1426 1505 si
1451 1428 1676 1535 deprehensi
1707 1427 1852 1520 forent,
1875 1431 2021 1533 suppli·

606 1553 712 1630 cium
730 1553 966 1628 'sumendum
992 1552 1227 1646 decreverat;
1263 1554 1369 1656 isque
1396 1569 1542 1656 postea,
1566 1567 1759 1654 permotus
1781 1550 1957 1627 oratione
1981 1555 2019 1628 C.

512 1661 527 1678 ⁸
608 1677 778 1765 Caesaris,
807 1677 973 1778 ,pedibus
999 1677 1041 1750 in
1069 1676 1297 1751 sententiam
1321 1675 1404 1749 Tib
1427 1674 1587 1750 Neronis
1615 1674 1763 1748 iturum
1789 1699 1828 1748 se
1855 1674 2019 1768 dixerat3

602 1799 712 1901 quod
733 1797 781 1874 de
804 1825 847 1874 ea
867 1824 925 1887 re,
951 1798 1133 1900 presidiis
1158 1797 1314 1888 additis,
1341 1797 1592 1873 referundum
1605 1813 1810 1872 censuerat
1848 1797 1920 1873 Sed
1942 1801 2019 1874 (Ἰω-

545 1895 555 1916 ’
606 1946 687 2008 sar,
713 1921 781 1994 ubi
803 1919 853 1994 ad
875 1947 964 1996 eum
994 1937 1153 1996 ventum
1175 1938 1248 2012 est,
1273 1939 1425 2028 rogatus
1449 1922 1679 1997 sententiam
1699 1949 1722 1995 a
1741 1921 1922 2012 Consule,
1948 1921 2019 1998 hu-

608 2042 815 2118 iusoemodi
831 2043 945 2118 verba
970 2043 1120 2118 locutus
1142 2061 1204 2118 est.

555 2181 594 2262 ξι
628 2235 632 2242 .
676 2167 841 2255 „Omnis
861 2163 1052 2256 homines,
1078 2171 1204 2242 Patres
1227 2167 1452 2271 conscripti,
1478 2168 1545 2269 qui
1573 2167 1620 2244 de
1643 2167 1756 2242 rebus
1778 2166 1906 2242 dubiis
1931 2195 2019 2243 con-

605 2288 771 2378 sultant,
797 2290 975 2380 ebodio,
1000 2291 1187 2380 amicitia,
1213 2291 1268 2364 ira
1292 2308 1408 2392 atque
1429 2283 1689 2366 misericordia
1711 2315 1847 2364 vacuos
1869 2291 2018 2367 essede-

606 2430 674 2488 cet.
710 2414 826 2489 Haud
850 2414 962 2490 facile
981 2415 1131 2490 animus
1152 2442 1284 2488 rerum
1305 2414 1498 2519 providet,
1523 2415 1592 2488 ubi
1618 2415 1684 2488 illa
1707 2412 1917 2508 obiiciunt3
1956 2443 2019 2494 ne·

607 2562 683 2639 que
704 2538 908 2641 quisquam
933 2538 1108 2614 omnium
1129 2537 1299 2612 lubidini
1322 2538 1437 2613 simul
1460 2555 1498 2612 et
1519 2537 1606 2612 usui
1624 2537 1762 2640 paruit.
1803 2538 1878 2612 Ubi
1897 2538 2020 2613 inten-

609 2658 708 2736 deris
731 2662 948 2768 ingenium,
974 2661 1096 2736 valet:
1120 2661 1150 2736 si
1175 2661 1310 2736 lubido
1333 2661 1516 2765 possidet,
1540 2688 1582 2735 ea
1599 2661 1842 2750 dominatur,
1869 2663 2020 2772 animus

610 2861 636 2900 ι.
657 2840 741 2900 Rem.
761 2862 790 2899 ι.
812 2842 911 2900 llauss.
934 2841 983 2905 Ac.
1004 2841 1112 2900 Sena.
1134 2839 1567 2920 Gueu.1.3.5.t.9.11.12.
1598 2850 1625 2899 et
1642 2842 1784 2900 omittunt
1814 2841 1882 2905 Vin.
1899 2862 1926 2901 ι.
1954 2843 2020 2903 Ere.

606 2941 704 3002 Gnell.
715 2943 744 3002 6.
759 2943 788 3014 Δ.
806 2965 851 3004 ιο.
873 2943 942 3002 Τιιι.
960 2965 986 3004 a.
1007 2944 1181 3003 evercilatos
1202 2963 1262 3008 orn.
1284 2945 1387 3004 incert.
1407 2961 1435 3002 a.
1469 2943 1572 3004 clectos
1590 2952 1617 3002 et
1634 2965 1695 3002 om.
1712 2945 1808 3004 Senot.
1832 2967 1856 3004 ι.
1877 2946 1975 3007 Gnels.
1993 2970 2019 3008 ι.

605 3047 781 3108 exercitatos
796 3049 900 3108 orabat
924 3047 955 3105 in
982 3048 1151 3134 eudociam.
1173 3045 1223 3106 hic
1244 3045 1400 3108 verborum
1421 3047 1496 3107 ordo
1517 3049 1548 3107 in
1565 3047 1704 3108 omnibus
1722 3051 1778 3108 fere
1800 3049 1889 3109 libris.
1919 3051 1949 3110 in
1964 3075 2021 3112 nu-

604 3154 673 3212 dac.
698 3151 780 3212 orat.
798 3151 887 3213 Paris.
901 3173 926 3216 e.
955 3152 1036 3211 orob.
1051 3171 1195 3210 summum
1218 3171 1273 3232 per
1289 3153 1397 3215 audac.
1428 3150 1491 3216 llas.
1505 3151 1534 3212 3.
1566 3162 1598 3212 ut
1612 3154 1745 3233 greges.
1774 3163 1804 3212 ul
1826 3155 1903 3214 abest
1923 3155 2019 3216 Gueli.

609 3274 656 3314 ra.
682 3257 825 3315 vinam.
854 3257 926 3334 quid
942 3257 980 3315 dc
996 3255 1040 3316 iis.
1072 3258 1111 3315 ita
1125 3257 1245 3316 llorere.
1268 3257 1444 3315 confirmare
1461 3256 1599 3318 videntur
1623 3279 1726 3318 omnes
1742 3258 1822 3319 Leid.
1856 3261 1902 3320 tis
1919 3283 2021 3322 omnes

606 3357 712 3438 (lortii.
735 3359 768 3416 ιἰι
782 3361 921 3420 custodiis
934 3363 1014 3420 irad.
1035 3361 1097 3420 Bas.
1112 3365 1139 3423 3.
1161 3364 1222 3422 inc.
1236 3383 1263 3425 ι.
1285 3361 1382 3427 Guell.
1401 3385 1428 3442 7.
1444 3363 1473 3426 8.
1495 3383 1529 3421 ιο
1548 3383 1594 3422 ιι.
1618 3361 1699 3422 Leid.
1717 3363 1748 3421 (lt
1764 3385 1789 3423 e.
1807 3363 1837 3429 h.
1861 3365 1917 3424 Pal.
1932 3369 2020 3437 4.ιι.

608 3459 693 3519 Bern.
711 3469 740 3520 a.
760 3461 793 3518 in
811 3463 954 3522 custodia.
974 3463 1058 3523 Rem.
1076 3486 1101 3523 1.
1123 3465 1222 3525 Guels.
1235 3467 1263 3538 l..
1276 3467 1305 3526 6.
1318 3488 1349 3547 9·
1379 3466 1510 3527 Sillanus
1534 3468 1657 3547 plurimi
1674 3465 1771 3529 Codd.
1802 3467 1920 3531 Silanus
1939 3471 2034 3531 Gru-v

607 3553 634 3624 ci
654 3564 809 3644 scriptores
826 3574 859 3623 et
877 3564 999 3644 Lapides
1024 3567 1195 3647 Capitolini.
1218 3569 1250 3627 in
1269 3572 1400 3630 custodio
1421 3573 1513 3631 tend.
1534 3572 1602 3636 vin.
1621 3591 1647 3631 ι.
1667 3573 1727 3632 inc.
1747 3594 1771 3632 ι.
1793 3572 2019 3658 Fabricuterq.

608 3667 705 3732 Guoll'.
724 3690 753 3750 9.
771 3688 817 3728 ιο.
834 3690 878 3727 ιι.
899 3669 1032 3750 12.''l'eg.
1054 3669 1246 3730 habebantur.
1267 3671 1329 3736 Bas.
1350 3692 1376 3731 a.
1398 3681 1424 3732 et
1451 3684 1604 3753 pretereo.
1620 3685 1647 3735 ct
1660 3679 1810 3738 omittunt.
1832 3677 1892 3743 Bas.
1905 3683 1932 3741 3.
1960 3683 2018 3741 inc.

611 3795 636 3832 ι.
657 3774 709 3851 qui
722 3775 760 3833 de
773 3783 809 3832 ed
834 3792 874 3832 re.
897 3772 955 3831 inc.
973 3793 997 3831 1.
1018 3773 1131 3834 Fabric.
1150 3795 1176 3840 ι.
1197 3795 1319 3834 amnuu
1336 3775 1542 3837 emendatricc.
1566 3777 1651 3839 Rern.
1674 3803 1698 3840 ι.
1717 3801 1803 3861 prus.
1823 3783 1940 3843 obditis.
1962 3789 2020 3844 inc.

610 3899 637 3938 ι.
657 3879 754 3943 Strur.
776 3878 876 3936 chss.
898 3877 964 3940 Sen.
986 3897 1010 3935 1.
1031 3879 1200 3938 vetustiores
1217 3877 1294 3937 llivii
1311 3889 1340 3937 et
1360 3899 1463 3940 omnes
1483 3881 1540 3942 sero
1554 3883 1685 3944 Palatini.
1705 3884 1790 3945 Fabr.
1806 3908 1830 3951 ι.
1857 3886 1918 3946 Bas.
1945 3911 1970 3947 ι.
1991 3889 2019 3962 3,

605 3983 674 4042 Vin.
693 4003 720 4042 2.
741 3982 808 4043 Ecc.
830 3983 927 4040 Guell.
944 4003 968 4041 ι.
985 4002 1011 4041 a.
1024 3982 1051 4052 i.
1064 3984 1092 4041 6.
1106 3983 1175 4062 8.9.
1193 4003 1237 4046 ιο.
1258 4003 1303 4048 ιι.
1323 4004 1367 4048 ιι.
1387 3982 1457 4043 Τιιι.
1474 4007 1537 4047 ι.ι.
1565 3986 1650 4048 Bern.
1666 4007 1693 4048 a.
1704 3987 1733 4050 3.
1760 3991 1882 4052 additis.
1912 3992 1974 4052 Bas.
1994 4015 2019 4054 t·
2124 4037 2126 4040 -

607 4105 663 4167 pro
676 4088 754 4147 varia
767 4089 892 4148 lectione
914 4107 939 4145 ι.
955 4088 994 4158 dc
1008 4088 1066 4149 inc.
1083 4109 1107 4147 ι.
1130 4087 1243 4150 Fabric.
1259 4107 1284 4145 ι.
1308 4088 1395 4148 Palat.
1412 4091 1440 4160 4.
1461 4089 1512 4152 Ac.
1533 4091 1617 4152 llam.
1631 4105 1724 4176 uterq.
1746 4095 1815 4154 Vin.
1832 4117 1856 4155 1.
1878 4095 1974 4162 Gnell.
1988 4121 2016 4178 7.

611 4193 638 4251 5.
661 4191 727 4269 (ubi
742 4203 838 4252 tamen
850 4203 878 4252 et
888 4192 1027 4270 alterum)
1050 4193 1134 4253 Bern.
1150 4213 1175 4256 ι.
1196 4200 1316 4250 ventum
1330 4201 1380 4252 est.
1402 4195 1440 4253 ita
1459 4194 1579 4257 Harerc.
1591 4197 1696 4272 edidit,
1712 4199 1939 4262 adsentientibus
1952 4223 2021 4264 onr-

608 4295 712 4368 nibus,
734 4307 768 4355 ut
783 4297 917 4368 videtur,
936 4296 1016 4356 Leid.
1037 4297 1097 4358 llas.
1117 4320 1141 4358 ι.
1155 4319 1183 4358 a.
1195 4296 1224 4358 3.
1242 4299 1271 4368 l.
1291 4294 1360 4363 Tur.
1374 4321 1399 4358 1.
1417 4319 1444 4358 a.
1468 4299 1552 4360 Bern.
1568 4322 1593 4360 ι.
1605 4322 1632 4361 2.
1647 4307 1676 4366 ὅ.
