4582 5320
640 377 710 448 118

635 549 851 656 publicam:
869 573 958 622 'non
983 573 1105 622 manu
1119 571 1244 649 neque
1267 545 1329 639 vi;
1353 545 1467 650 quod,
1483 545 1601 650 magis
1617 570 1680 624 vos
1697 547 1840 626 fecisse·
1854 571 1974 656 quam
1995 555 2043 642 il·

636 673 683 748 lis
709 672 885 748 accidisse
904 671 1109 776 indignum
1128 685 1205 764 est,
1228 694 1366 745 verum
1380 669 1662 774 'quaestionibus
1694 689 1732 748 et
1750 673 1894 752 inditio
1924 678 2043 784 ipsius

636 793 852 899 Iugurthae,
877 794 946 896 qui
972 795 1002 866 si
1029 793 1233 868 dediticius
1260 809 1336 882 est,
1370 791 1540 896 profecto
1559 793 1666 870 iussis
1693 797 1822 873 vestris
1863 801 2042 886 obediens

636 919 723 998 erit:
748 917 869 992 sinen
891 915 1126 1004 contemnit,
1151 915 1295 991 scilicet
1323 915 1616 1008 existumabitis,
1644 919 1770 1020 qualis
1788 921 1855 996 illa
1875 951 1951 1028 pax
1973 945 2041 1011 aut

638 1040 783 1118 deditio
806 1039 873 1129 sit,
890 1066 936 1115 ex
954 1067 1031 1141 qua
1057 1037 1108 1113 ad
1127 1036 1355 1143 Iugurtham
1380 1039 1566 1115 scelerum
1585 1040 1808 1144 impunitas,
1834 1046 1883 1121 ad
1900 1073 2042 1156 pausos

634 1162 801 1267 potentis
825 1187 1014 1236 maxumae
1032 1160 1200 1250 divitiae,
1230 1161 1271 1235 in
1290 1162 1571 1266 rempublicam
1591 1164 1733 1239 damna
1753 1184 1868 1270 atque
1885 1171 2041 1254 dedeco-

635 1313 678 1361 ra
692 1285 944 1388 ¹peruenerint
990 1284 1069 1358 Nisi
1084 1283 1182 1358 forte
1200 1284 1376 1360 nondum
1394 1285 1510 1361 etiam
1530 1313 1595 1362 ros
1612 1287 1884 1367 dominationis
1907 1321 2039 1376 eorum

632 1408 783 1484 satietas
807 1425 932 1496 tenet,
957 1423 995 1482 et
1020 1407 1087 1481 illa
1123 1433 1241 1510 quam
1269 1404 1351 1482 haec
1378 1424 1548 1512 tempora
1573 1410 1691 1514 magis
1713 1411 1895 1515 planant,
1918 1446 2040 1522 quum

585 1517 586 1520 ¹
633 1557 769 1636 regna,
793 1531 1021 1634 provinciae,
1040 1531 1154 1636 leges,
1174 1531 1276 1621 iura,
1304 1531 1469 1622 iudicia,
1498 1531 1598 1608 bella
1616 1549 1732 1637 atque
1749 1564 1879 1640 paces,
1898 1563 2039 1647 postre-

632 1680 697 1732 mo
713 1651 845 1730 divina
867 1669 906 1730 et
928 1654 1100 1730 humana
1121 1653 1250 1730 omnia
1270 1680 1385 1758 panes
1407 1681 1548 1759 paucos
1563 1672 1699 1733 erant:
1718 1687 1783 1736 ros
1803 1681 1951 1758 autem,
1967 1668 2039 1749 hoc

634 1793 706 1867 est,
730 1778 897 1882 populus
916 1780 1131 1868 Romanus,
1155 1777 1291 1854 invicti
1313 1779 1363 1854 ab
1381 1777 1577 1870 hostibus,
1600 1779 1844 1886 imperatores
1866 1793 2039 1874 omnium

634 1901 829 2004 gentium,
849 1899 938 1974 satis
961 1897 1157 1975 habebatis
1184 1901 1355 1976 animam
1375 1903 1559 1998 retinere3
1589 1931 1681 1980 nam
1712 1910 1931 1991 servitutem
1955 1922 2038 2023 qui.

639 2022 728 2096 dem
748 2021 834 2123 quis
853 2037 1019 2098 vestrum
1043 2046 1214 2098 recusare
1235 2023 1434 2110 audebat?
1465 2028 1583 2131 Atqui
1602 2055 1689 2134 ego,
1713 2047 1842 2111 tamen
1867 2039 1935 2116 etsi
1959 2043 2036 2121 vim

635 2142 984 2246 flagitiosissumum
1024 2144 1210 2220 existumo
1245 2147 1403 2250 impune
1425 2148 1623 2228 iniuriam
1661 2157 1874 2260 accepisse,
1912 2179 2036 2243 tamen

636 2293 701 2342 ros
727 2265 951 2341 hominibus
965 2267 1271 2344 secleratissumis
1295 2271 1507 2375 ignoscere,
1526 2276 1713 2377 quoniam
1732 2279 1829 2356 cives
1854 2304 1963 2380 sunt,
1990 2317 2034 2366 a·

634 2415 714 2492 quo
745 2389 876 2464 animo
897 2405 1069 2493 paterer,
1105 2391 1147 2465 ni
1177 2391 1435 2469 misericordia
1475 2395 1516 2470 in
1547 2399 1757 2500 perniciem
1783 2431 1915 2485 casum
1939 2431 2036 2491 esset

540 2561 542 2566 -
633 2513 731 2587 Nam
754 2527 792 2588 et
811 2511 904 2600 illis,
926 2530 1119 2616 quantum
1140 2514 1443 2619 importunitatis
1466 2517 1631 2612 habent,
1654 2550 1794 2627 parum
1814 2547 1888 2622 est,
1912 2533 2036 2644 impu.

586 2617 587 2620 ‘
633 2661 684 2714 ne
698 2635 798 2711 mate
813 2634 960 2726 secia,
986 2636 1060 2710 nia
1083 2637 1413 2716 detruncasti
1431 2642 1585 2719 lieentia
1606 2647 1787 2752 eripitur:
1812 2669 1850 2728 et
1864 2659 1969 2736 votis
1991 2689 2035 2738 a

634 2749 742 2834 terna
768 2757 990 2835 sollicitudo
1016 2762 1253 2856 remanebit,
1278 2790 1401 2869 quum
1435 2765 1659 2872 intellegetis
1690 2788 1759 2846 aut
1790 2780 2034 2864 serviundum

633 2909 708 2958 esse
739 2898 808 2957 aut
833 2909 902 2985 per
920 2909 1057 2960 manus
1090 2885 1306 2962 libertatem
1333 2887 1583 2966 retinendam
1633 2893 1731 2970 Nam
1761 2895 1851 2976 fidei
1881 2907 2035 3008 quidem

634 3061 701 3121 Tur.
721 3059 823 3133 ΒΜ.
843 3055 923 3124 dicet
937 3063 1043 3143 aliquis
1056 3064 1134 3125 delet
1149 3065 1231 3127 Laid.
1243 3088 1270 3128 e.
1292 3071 1376 3128 erasit
1394 3067 1491 3148 Gueli.
1508 3092 1553 3137 ι2.
1573 3076 1747 3152 vosfictsss.
1767 3099 1816 3141 vos
1835 3103 1896 3143 om.
1914 3086 1997 3151 Rem.
2008 3114 2034 3162 ι.

629 3165 749 3248 badim
766 3178 816 3228 est,
837 3176 878 3228 est
891 3188 952 3227 om.
967 3169 1034 3234 Seu.
1049 3189 1075 3230 2.
1097 3167 1230 3244 GuelM.
1241 3192 1285 3231 ιο.
1305 3172 1387 3234 Leid.
1397 3175 1418 3233 i.
1438 3177 1593 3240 dediticiis
1606 3178 1691 3241 Febr.
1707 3183 2033 3262 r.Sen.1.Bas.1.Tur.

634 3289 661 3330 1.
682 3270 750 3331 Vin.
772 3271 869 3331 Gueli.
889 3294 914 3331 ι.
928 3293 955 3333 2.
977 3273 1037 3334 duo
1047 3273 1135 3336 ltivii.
1157 3285 1212 3342 tres
1228 3277 1341 3338 Wassii.
1362 3279 1490 3343 deditius
1508 3281 1677 3346 Latum.
1698 3289 1815 3351 deditus
1833 3299 1929 3361 ceteri.
1957 3299 2034 3364 merit

632 3373 739 3432 uostris
759 3373 856 3440 Guelf.
871 3397 916 3436 ι2.
939 3376 1023 3442 Fabr.
1039 3400 1064 3437 1.
1085 3379 1148 3438 Bas.
1162 3401 1188 3445 1.
1209 3383 1397 3443 ortmrattts
1416 3385 1494 3448 Ririi
1514 3387 1591 3448 libri.
1620 3389 1766 3454 Commel.
1782 3394 1907 3478 ittapar
1920 3409 2034 3466 autds·

632 3474 706 3535 ditio
721 3475 769 3540 sit.
790 3477 843 3536 illa
861 3501 923 3545 om.
944 3481 1028 3540 Rem.
1049 3503 1073 3547 1.
1095 3483 1202 3550 Fraus.
1217 3487 1352 3566 possuit
1371 3488 1456 3550 Febr.
1477 3491 1546 3574 Teg.
1558 3494 1656 3570 suerit
1676 3496 1773 3558 Guett.
1790 3521 1834 3561 ιι.
1859 3505 1971 3568 deditio
1977 3512 2032 3587 so-

632 3589 676 3639 ret
697 3583 800 3640 Franc.
819 3579 853 3638 in
869 3602 958 3662 remp.
973 3587 1086 3645 domna
1105 3589 1145 3648 sic
1162 3588 1278 3651 Gruter.
1298 3589 1384 3655 Fabr.
1399 3616 1423 3658 ι.
1451 3595 1549 3656 Guetf.
1568 3618 1595 3658 2.
1622 3601 1681 3660 ine.
1697 3622 1723 3664 ι.
1750 3602 1837 3665 laidi
1845 3628 1872 3672 a.
1885 3607 1915 3668 b.
1927 3611 1957 3670 d.
1971 3635 1999 3696 g.
2009 3637 2031 3687 s,

628 3681 661 3742 b.
682 3683 804 3742 Palatin.
825 3693 858 3742 ot
875 3684 908 3743 in
928 3705 1017 3767 remp.
1038 3689 1105 3750 Ecc.
1125 3691 1233 3752 vinu.
1253 3693 1338 3754 Rem.
1354 3716 1382 3759 2.
1402 3695 1482 3758 Laid.
1495 3701 1514 3760 i.
1536 3721 1573 3762 ae
1588 3703 1621 3762 in
1640 3705 1760 3768 Leide.
1781 3713 2030 3794 adremp.eeteri.
2127 3781 2130 3788 ,
2248 3685 2249 3744 i

628 3789 744 3849 damno
761 3798 848 3868 atque
866 3791 898 3848 d.
919 3799 1006 3869 atque
1026 3813 1087 3852 om.
1110 3794 1233 3856 Faber.
1259 3799 1385 3858 audebat
1405 3822 1537 3865 recusare
1562 3805 1632 3868 Tur.
1652 3809 1720 3894 Teg.
1750 3821 1850 3875 tantan
1863 3819 1917 3878 etsi
1935 3820 2028 3882 Gueli.

630 3892 658 3962 Δ.
680 3894 783 3958 ineert.
801 3912 828 3952 2.
856 3893 1191 3976 virosflagr‘tiostisimos
1219 3901 1319 3963 Nazar.
1340 3904 1441 3975 Vinar,
1453 3928 1482 3973 2.
1509 3909 1606 3970 Guelf.
1618 3934 1643 3978 ι.
1657 3919 1793 3997 etplures
1809 3920 1922 3981 Wussii.
1950 3924 2030 3988 Bam.

630 4001 658 4059 3.
684 3997 905 4078 viroflngitios.
916 4003 966 4062 ,ita
982 4004 1088 4084 legitur
1101 4025 1134 4063 ex
1147 4003 1224 4067 ltivii
1238 4009 1414 4071 coniectura.
1434 4012 1499 4072 viro
1518 4034 1579 4074 om.
1605 4015 1674 4076 vin.
1691 4040 1716 4079 1.
1736 4021 1832 4082 Sonat.
1848 4045 1876 4086 2.
1903 4026 1988 4090 Bam.
2005 4053 2028 4092 ι.

618 4099 725 4178 fingit.
745 4102 856 4162 ωειίηιο
876 4103 945 4164 Tur.
967 4105 1065 4166 virum
1078 4111 1249 4170 omnessere
1266 4109 1344 4173 libri.
1366 4113 1400 4173 in
1415 4114 1514 4176 viram
1545 4118 1657 4181 Fabric.
1675 4143 1701 4182 ι.
1727 4123 1794 4185 Seu.
1808 4148 1834 4186 ι.
1861 4149 1903 4188 ιιι.
1916 4151 1972 4194 teo.
1999 4134 2036 4196 ni

631 4202 695 4262 mis.
716 4224 818 4268 omnes
829 4207 923 4270 Gortii
938 4209 1016 4272 libri.
1036 4210 1098 4274 Bas.
1111 4233 1137 4278 ι.
1158 4211 1243 4276 Beru.
1256 4237 1282 4282 ι.
1311 4236 1384 4278 nam
1397 4209 1429 4280 et
1440 4217 1493 4280 'illi
1515 4222 1577 4285 ine.
1595 4223 1681 4286 Item.
1696 4229 1837 4295 astru.
1857 4234 1938 4297 Vrat.
1956 4255 1984 4300 2.
2001 4238 2026 4301 3.
