4542 5318
1625 381 1695 458 265

297 559 439 631 mentia
464 557 667 662 imperium
695 573 967 662 temperavere,
999 556 1058 633 his
1082 556 1167 632 laeta
1187 575 1226 633 et
1246 555 1411 634 candida
1439 558 1568 633 omnia
1598 559 1696 652 visa;

296 680 409 752 etiam
428 677 550 755 hostes
568 683 750 783 aequiores
767 708 885 784 quam
907 681 991 757 aliis
1011 681 1115 756 cives.
1151 681 1268 756 Haud
1286 682 1383 769 scio,
1401 707 1452 754 an
1468 680 1536 782 qni
1554 707 1615 754 me
1633 679 1695 756 his

296 799 406 876 dictis
432 819 695 906 corruptorem
724 803 891 908 victoriae
913 819 989 878 tuae
1013 803 1203 906 nimisque
1231 804 1272 878 in
1288 804 1414 879 'victos
1435 802 1537 878 bona
1557 801 1695 877 volun-

296 937 373 997 tate
390 925 620 1025 praedicent?
649 924 799 1000 Scilicet
816 925 921 1026 quod
932 951 995 1016 ea,
1019 952 1105 1029 quae
1123 927 1285 1006 externis
1303 925 1525 1000 nationibus
1538 941 1692 1016 natura,

296 1045 438 1144 [nobis]
458 1047 630 1124 hostibus
656 1073 801 1150 nosque
823 1047 1059 1150 maioresque
1081 1049 1200 1123 nostri
1220 1075 1318 1150 saepe
1336 1047 1520 1135 tribuere,
1545 1074 1588 1122 ea
1604 1047 1694 1124 eivi-

295 1169 365 1242 bus
400 1169 527 1245 danda
553 1170 739 1264 arbitror-3
772 1197 898 1273 neque
914 1169 1114 1244 barbarico
1137 1171 1217 1244 ritu
1243 1157 1519 1246 cede-cadem
1542 1187 1580 1245 et
1606 1195 1694 1244 san·
1819 1227 1822 1234 λ

295 1291 449 1395 guinem
467 1294 652 1398 sanguine
673 1293 870 1397 expianda.
909 1295 970 1366 An
993 1293 1078 1383 illa,
1100 1319 1186 1396 quae
1204 1293 1337 1396 paullo
1350 1289 1526 1368 antehoc
1544 1292 1719 1374 bellumd

295 1411 337 1486 in
358 1416 423 1488 Cn.
447 1416 669 1518 Pompeium
694 1415 968 1517 victoriamque
989 1415 1189 1490 Sullanam
1210 1416 1527 1519 increpabantur,
1553 1415 1694 1490 oblivio

297 1534 528 1638 intercepit?
577 1517 814 1627 Domitium,
850 1539 1082 1628 Carbonem,
1107 1541 1285 1627 Brutum,
1309 1537 1402 1613 alios
1428 1538 1519 1613 item
1539 1565 1619 1613 non
1634 1565 1696 1611 ar-

296 1674 430 1748 matos,
456 1687 581 1760 neque
599 1661 641 1733 in
662 1659 794 1762 praelio
819 1660 910 1734 belli
943 1661 1042 1750 iure,
1069 1659 1134 1734 sed
1152 1651 1279 1762 postea
1300 1661 1488 1764 supplices
1510 1688 1580 1764 per
1594 1663 1695 1735 'sum-

296 1807 404 1854 mum
424 1781 542 1856 scelus
566 1781 804 1856 interfectos:
833 1782 984 1885 plebem
1012 1771 1287 1858 Romanam‘in
1312 1783 1404 1858 villa
1430 1782 1606 1886 publica,
1631 1773 1695 1886 pe·

296 1903 392 1976 coris
414 1904 546 1990 modo,
572 1906 804 1980 conscissam.
840 1909 926 1982 Heu
944 1934 1062 2008 quam
1078 1905 1144 1980 illa
1166 1905 1315 1980 occulta
1334 1905 1476 1980 civium
1501 1905 1637 1980 funcra
1659 1921 1697 1979 et

286 2006 503 2128 ⁸repentinae
530 2027 666 2120 coedes3
692 2027 732 2101 in
755 2044 960 2130 parentum
977 2037 1045 2102 aut
1069 2029 1280 2101 liberorum
1301 2027 1430 2100 sinum
1454 2026 1544 2130 fuga
1562 2026 1697 2101 mulie-

295 2174 384 2222 rum
405 2165 443 2222 et
457 2175 683 2249 puerorum3
707 2150 863 2224 vastatio
882 2150 1085 2239 domuum,
1103 2165 1193 2222 ante
1208 2164 1360 2250 partam
1382 2175 1404 2222 a
1429 2148 1694 2237 tevicto'riam,

295 2295 389 2344 saeva
411 2287 527 2371 atque
553 2271 722 2346 crudelia
745 2274 872 2346 erant!
909 2271 969 2346 Ad
991 2297 1077 2373 quae
1106 2286 1141 2344 te
1165 2269 1225 2344 illi
1257 2271 1374 2346 iidem
1399 2268 1631 2347 hortantur:
1655 2286 1697 2346 et

294 2393 437 2467 scilicet
462 2393 502 2466 id
523 2409 710 2466 certatum
729 2417 820 2481 esse,
848 2394 971 2465 utrius
993 2407 1159 2465 vestrum
1182 2391 1342 2466 arbitrio
1364 2393 1516 2468 iniuriae
1543 2393 1696 2486 fierent3

297 2539 421 2616 neque
447 2531 667 2617 receptam,
700 2507 766 2587 ¹sed
792 2529 944 2616 captam
973 2539 995 2586 a
1024 2527 1061 2585 te
1087 2514 1393 2614 rempublicam,
1426 2532 1465 2590 et
1494 2542 1536 2589 ea
1566 2542 1695 2592 caussa

297 2637 480 2712 exercitus
502 2637 698 2742 stipendiis
713 2635 905 2724 confectis,
924 2649 1100 2738 optumos
1113 2650 1151 2708 et
1172 2633 1403 2710 retemum'os
1423 2636 1608 2724 omnium,
1631 2636 1696 2712 ad-

296 2785 449 2834 vorsum
472 2759 605 2834 fratres
627 2774 897 2863 parentesque,
922 2757 989 2831 alii
1003 2756 1160 2846 liberos,
1180 2757 1294 2832 armis
1313 2757 1559 2852 contendere3
1584 2775 1630 2832 ut
1651 2786 1719 2833 ex·

280 2871 429 2957 'alienis
453 2883 560 2958 malis
579 2881 786 2956 deterrumi
807 2880 983 2990 mortales
1010 2879 1134 2955 ventri
1165 2895 1280 2980 atque
1294 2879 1503 2982 vprofundae
1527 2880 1697 2956 lubidini

298 3020 471 3108 sumptus
488 3021 724 3106 quaererent,
748 3020 863 3104 atque
883 3019 1005 3078 essent
1024 3003 1229 3106 opprobria
1250 3003 1433 3091 victoriae,
1450 3030 1618 3104 quorum
1630 3002 1698 3078 fla-

297 3128 397 3233 gitiis
427 3127 769 3202 commacularetur
793 3129 986 3200 bonorum
1022 3123 1112 3198 laus.
1159 3127 1290 3226 Neque
1315 3125 1419 3199 enim
1447 3143 1483 3200 te
1504 3113 1698 3228 preterire

297 3267 408 3354 puto,
434 3250 541 3351 quali
560 3251 722 3351 quisque
739 3275 875 3325 eorum
896 3273 1001 3322 more
1019 3264 1088 3320 aut
1107 3247 1308 3336 modestia,
1331 3248 1446 3321 etiam
1469 3264 1552 3322 tum
1578 3248 1697 3323 dubia

298 3373 471 3461 victoria,
495 3397 571 3446 sese
594 3371 759 3472 gesserit,
785 3367 1072 3472 quoquomodo
1097 3367 1137 3442 in
1157 3368 1249 3441 belli
1273 3369 1582 3446 administatione
1597 3397 1699 3447 scor·

300 3512 336 3572 ta
360 3513 428 3573 aut
444 3493 616 3571 convivia
637 3493 875 3567 exercuerint
885 3483 1091 3580 nonnulli,
1116 3517 1283 3592 quorum
1304 3507 1391 3566 aetas
1413 3519 1463 3566 ne
1482 3519 1552 3595 per
1574 3494 1698 3569 otium

300 3618 455 3718 quidem
477 3616 561 3692 talis
581 3613 785 3717 voluptatis
804 3615 885 3688 sine
904 3611 1087 3687 dedecore
1108 3612 1283 3716 attigerit
1321 3615 1380 3687 De
1397 3613 1500 3688 bello
1516 3616 1603 3690 satis
1616 3615 1724 3692 dic-5

301 3753 393 3816 tum.
433 3743 492 3818 De
519 3765 611 3842 pace
643 3735 851 3826 firmanda,
879 3735 1063 3838 quoniam
1093 3752 1214 3837 tuque
1236 3751 1274 3811 et
1306 3761 1434 3812 omnes
1465 3736 1523 3810 tui
1549 3737 1698 3842 agitatis

245 3965 270 3986 ,.
301 3939 398 3997 resque
418 3917 490 3983 Bria.
513 3929 621 3979 nutura
643 3917 725 3976 nobis
755 3915 902 3986 bortibru,
933 3933 1039 3993 nosque
1060 3913 1238 3991 maioresque
1263 3915 1361 3973 Vatis.
1389 3923 1470 3976 vetus
1490 3913 1591 3974 editio.
1617 3917 1699 3978 nobb

301 4026 388 4106 vulgo
411 4015 563 4082 omissum.-
588 4021 761 4100 sanguinem
785 4019 928 4099 sanguine
950 4018 1034 4080 Fabri
1058 4029 1087 4076 et
1106 4017 1181 4078 Bric.
1201 4047 1243 4063 -
1286 4012 1358 4094 Cup.
1378 4017 1407 4086 A.
1428 4013 1530 4076 oblivio
1551 4016 1699 4096 interjecit

301 4147 403 4186 omnes
419 4125 496 4184 libri.
517 4125 620 4186 oblivio
637 4123 788 4202 intercepit
806 4123 932 4182 coniecit
951 4117 985 4178 d.
1012 4121 1131 4199 l’opma.
1161 4117 1254 4197 qualis
1275 4118 1391 4198 quisque
1415 4139 1517 4180 corum
1536 4121 1577 4180 sic
1601 4121 1698 4186 Fabri.

300 4251 357 4291 sese
367 4229 507 4311 gesserint
528 4229 616 4294 idem.
636 4261 678 4276 -
712 4223 785 4305 Cup.
800 4227 831 4284 5.
841 4224 936 4303 qualis
950 4223 987 4283 sit
1001 4223 1040 4282 dc
1056 4243 1112 4300 qno
1126 4223 1274 4284 consultas
1294 4245 1396 4284 omnes
1409 4223 1488 4290 libri,
1511 4223 1560 4288 val
1571 4243 1699 4287 concor-

1254 4355 1301 4446 54
