4560 5338
564 395 594 444 ιι

566 545 655 652 gule
680 545 909 649 legerentur,
929 543 1067 622 notavi
1109 543 1252 649 Magno
1270 541 1367 618 mibi
1397 541 1472 619 luit
1490 541 1713 621 adiumento
1738 529 1961 649 nuperrima

514 753 534 784 ⁴
565 669 748 746 Prisciani
772 669 905 759 editio,
932 669 1195 774 quem'VsD.
1218 665 1336 744 Krebl
1356 667 1560 771 evulgavit,
1586 691 1657 744 nec
1677 659 1757 742 non
1779 667 1962 772 Exempla

565 791 828 870 elocutionum
846 819 892 867 ex
905 791 1086 896 Virgilio,
1103 791 1283 867 Cicerone
1298 807 1336 866 et
1359 791 1521 866 Salustio
1545 792 1745 896 exscripta,
1765 817 1851 894 quae
1871 789 1965 867 olim

566 915 783 992 Arrursiani
805 915 913 990 Messi
945 913 1107 990 rhetoris
1127 919 1208 990 'esse
1239 913 1504 1019 putabantur,
1537 941 1663 1020 nuper
1693 941 1780 991 vero
1813 917 1862 990 ab
1886 919 1966 994 Aa·

567 1039 650 1144 gelo
680 1038 806 1130 Maio,
841 1038 1008 1114 Cornelii
1037 1039 1243 1114 Frontonis
1274 1064 1372 1143 opus
1397 1064 1473 1115 esse
1503 1039 1591 1115 satis
1621 1029 1826 1116 luculentis
1844 1025 1968 1142 argn-

569 1163 705 1240 mentis
723 1162 1016 1265 comprobatum
1030 1178 1093 1236 est
1141 1163 1322 1238 Praetema
1341 1187 1428 1266 quae
1442 1164 1501 1239 Dc
1512 1163 1676 1239 Brossius
1695 1162 1736 1238 in
1753 1147 1967 1238 doctissimo

567 1279 670 1360 libro
693 1285 708 1382 (
717 1285 946 1385 Reipublicae
960 1283 1145 1361 Romame
1162 1287 1342 1386 historeo)
1361 1287 1561 1390 congessit,
1583 1287 1672 1362 nuri
1690 1273 1787 1360 mibi
1802 1283 1969 1358 fuerunt¹
2055 1320 2065 1332 ·

471 1486 473 1492 s
567 1408 639 1484 sel
669 1409 698 1482 is
724 1432 879 1511 quoque
908 1407 1113 1483 subditicio
1137 1409 1212 1510 pro
1227 1409 1449 1484 Salustianis
1472 1401 1630 1495 babuit,
1656 1425 1695 1482 et
1714 1409 1766 1482 (le
1785 1435 1871 1482 vera
1893 1407 1967 1480 lec*

569 1530 675 1604 tione
690 1539 828 1633 parum
842 1530 1040 1617 sollicitus,
1057 1529 1097 1602 id
1113 1529 1239 1601 solum
1264 1528 1431 1616 curavit,
1449 1517 1627 1630 utquam
1647 1529 1814 1633 plurima
1834 1555 1966 1633 conge-
2004 1531 2009 1544 '

568 1669 675 1729 reret.
711 1652 758 1726 ta
780 1651 885 1753 quod
904 1676 986 1724 non
1004 1649 1046 1723 in
1068 1662 1154 1722 eam
1174 1663 1323 1752 partem
1346 1665 1546 1753 acceptum
1565 1651 1697 1740 velim,
1722 1651 1831 1754 quasi
1852 1651 1968 1726 indu*

569 1775 700 1850 striam
719 1773 799 1848 eius
823 1773 1103 1877 improbarem,
1123 1771 1188 1846 sed
1207 1797 1257 1846 ne
1277 1771 1363 1874 quis
1383 1771 1533 1849 incuria
1552 1775 1671 1878 magis
1685 1799 1803 1877 quam
1823 1773 1972 1850 iudicio·

568 1898 714 1973 lectum
735 1912 864 2000 putet,
888 1895 996 1999 quod
1018 1893 1210 1970 multaab
1230 1919 1275 1970 eo
1297 1893 1452 1970 laudata
1471 1896 1587 1972 omisi.

668 2021 851 2119 Epistulas
871 2019 925 2094 od
948 2019 989 2094 C.
1006 2019 1198 2094 Caesarem
1217 2018 1265 2094 dc
1281 2015 1484 2119 Republica
1506 2019 1732 2110 ordinando,
1747 2043 1840 2122 quas
1855 2019 1968 2123 vulgo

569 2144 703 2222 incerti
725 2143 888 2218 auctoris
908 2168 984 2218 esse
999 2159 1221 2230 autumant,
1243 2141 1347 2216 banc
1365 2142 1414 2217 ob
1433 2167 1586 2218 cernam
1600 2141 1717 2216 simul
1730 2167 1820 2215 cum
1835 2139 1966 2215 ceteris

569 2265 723 2340 Salustii
738 2265 847 2340 libris
859 2263 977 2372 edidi,
1003 2264 1109 2366 qnod
1124 2263 1222 2342 mibi
1239 2265 1395 2369 quidem
1412 2280 1657 2370 argumenta,
1676 2265 1816 2368 quibus
1835 2269 1972 2371 earum*¹

570 2389 834 2466 auctoritatem
856 2388 1135 2492 impugnarunt
1154 2388 1393 2492 interpretes,
1411 2380 1550 2493 perum
1566 2387 1675 2462 firma
1688 2413 1763 2464 esse
1779 2387 1970 2463 videntur:

571 2511 791 2588 Cavendum
810 2527 877 2601 est,
892 2537 947 2585 ne
961 2509 1229 2586 Grammaticis
1244 2511 1339 2601 istis,
1361 2511 1602 2614 quicumque·
1614 2511 1769 2586 tandem
1790 2510 1971 2598 fuerunt,

570 2636 735 2712 nimium
752 2636 972 2710 tribuamus.
1009 2635 1078 2709 Isti
1095 2635 1200 2710 euim
1213 2635 1325 2710 rerba
1347 2651 1557 2723 sectantur,
1581 2631 1649 2708 secl·
1665 2633 1807 2708 iudicio
1829 2661 1968 2738 parum
2069 2667 2074 2675 ·

570 2759 705 2833 valent.
742 2757 813 2832 Sed
832 2757 929 2860 quid
948 2757 996 2831 de
1013 2755 1088 2830 bac
1104 2783 1146 2831 re
1161 2757 1339 2846 sentiam,
1363 2757 1552 2859 peculiari
1567 2757 1887 2834 commentatione
1906 2773 1974 2834 ex-'

569 2891 720 2984 ponam.
753 2881 808 2953 Ne
828 2884 1025 2954 invectivas
1038 2877 1213 2980 quidem,
1237 2904 1323 2981 qaroe
1340 2877 1541 2969 dicuntur,
1558 2879 1785 2956 omittendas
1804 2907 1879 2962 esse
1894 2882 1966 2956 du·

570 3005 623 3090 xi,
650 3029 731 3077 non
749 3027 826 3103 quo
847 3025 907 3076 eas
929 3027 955 3073 a
969 3001 1155 3075 Cicerone·
1171 3017 1286 3102 atque
1308 3001 1469 3076 Salustio
1484 3003 1693 3106 composita
1712 3030 1785 3080 esse
1810 3017 1971 3079 conten:

569 3127 715 3214 derem,
741 3123 808 3199 sed
829 3149 878 3198 ne
898 3122 994 3225 (prid
1017 3119 1315 3214 desideraretur,
1336 3124 1441 3228 quod
1461 3123 1514 3199 atl'
1533 3125 1708 3201 vitamet
1733 3151 1853 3201 mores
1878 3153 1968 3202 auc-

571 3249 659 3324 toris
675 3246 917 3322 illustrandos
941 3245 1155 3350 pertineret
1446 3319 1458 3344 ,
1675 3256 1707 3338 ,’

632 3385 635 3392 ’
668 3369 993 3475 orthographiam
1011 3370 1116 3472 quod
1137 3371 1284 3462 attinet,
1304 3373 1532 3476 plerumque
1553 3371 1741 3447 Codicum
1764 3372 1967 3448 meliorum

571 3495 835 3569 auctoritatem
854 3509 1002 3568 secutus
1021 3518 1114 3566 sum.
1159 3495 1258 3568 Cum
1284 3519 1372 3570 vero
1402 3495 1461 3570 vel
1486 3494 1623 3600 optimi
1647 3495 1738 3569 libri
1760 3493 1835 3570 hac
1854 3495 1896 3571 in
1926 3523 1967 3572 re

569 3645 706 3722 parum
723 3619 796 3692 sibi
818 3615 1071 3704 constiterint,
1099 3615 1306 3705 nonnulla,
1331 3639 1417 3717 qnae
1439 3617 1587 3706 (Lartius
1608 3633 1815 3721 receperat,
1841 3619 1972 3694 invitis·

570 3739 682 3816 lib'ri's
692 3740 853 3827 retinui,
868 3765 918 3814 ne
936 3737 1119 3812 Salustius
1132 3754 1284 3842 gratum
1297 3739 1412 3814 istum
1428 3739 1596 3842 antique
1609 3741 1790 3814 orationis
1802 3741 1968 3820 colorem

570 3863 766 3938 amitteret.
825 3861 948 3935 Multa
970 3859 1144 3961 quidem,
1168 3879 1204 3934 es‘
1219 3889 1272 3966 gn
1295 3849 1467 3946 lutino,
1481 3881 1659 3946 oesttmo,
1678 3868 1873 3950 extremo,
1903 3877 1969 3966 op}

570 4007 702 4069 tumus,
728 4009 937 4066 macionus,
966 3985 1118 4085 colgus,
1139 3983 1330 4070 advorsum,
1353 3986 1597 4064 adulescens..
1614 4011 1843 4083 proxmnus,
1861 3990 1968 4090 foci

571 4107 781 4187 andum-,dt
804 4107 925 4214 (ctis),
948 4103 1233 4211 quis(quibus)'
1241 4124 1279 4181 et
1302 4108 1378 4182 ali'a
1399 4105 1669 4182 huiuscemodi
1681 4109 1816 4214 soepius
1838 4112 1879 4185 in
1897 4119 1966 4188 anJ'

571 4228 788 4334 ta'quissimo¹
806 4229 1160 4336 libro,Basileensi.
1179 4230 1316 4335 prima»
1337 4229 1496 4331 aliisque
1518 4231 1662 4334 passim.
1683 4251 1835 4309 exarata
1855 4247 1964 4327 sunt;
