<?xml version="1.0" encoding="UTF-8"?>
<!DOCTYPE html PUBLIC "-//W3C//DTD XHTML 1.0 Transitional//EN"
    "http://www.w3.org/TR/xhtml1/DTD/xhtml1-transitional.dtd">
<html xmlns="http://www.w3.org/1999/xhtml" xml:lang="en" lang="en">
 <head>
  <title>
</title>
<meta http-equiv="Content-Type" content="text/html;charset=utf-8" />
  <meta name='ocr-system' content='tesseract 3.04.00' />
  <meta name='ocr-capabilities' content='ocr_page ocr_carea ocr_par ocr_line ocrx_word'/>
</head>
<body>
  <div class='ocr_page' id='page_1' title='image "./ccrispisalustii02sallgoog_0127.png"; bbox 0 0 4582 5320; ppageno 0'>
   <div class='ocr_carea' id='block_1_1' title="bbox 596 475 646 569">
    <p class='ocr_par' dir='ltr' id='par_1_1' title="bbox 596 475 646 569">
     <span class='ocr_line' id='line_1_1' title="bbox 596 475 646 569; baseline 0 0"><span class='ocrx_word' id='word_1_1' title='bbox 596 475 646 569; x_wconf 75' lang='grc'><strong>84</strong></span> 
     </span>
    </p>
   </div>
   <div class='ocr_carea' id='block_1_2' title="bbox 555 644 2052 2852">
    <p class='ocr_par' dir='ltr' id='par_1_2' title="bbox 555 644 2052 2852">
     <span class='ocr_line' id='line_1_2' title="bbox 570 644 1994 756; baseline 0.001 -33"><span class='ocrx_word' id='word_1_2' title='bbox 570 651 679 752; x_wconf 83' lang='lat' dir='ltr'><strong>tQui</strong></span> <span class='ocrx_word' id='word_1_3' title='bbox 701 650 770 728; x_wconf 88' lang='lat' dir='ltr'><strong>ubi</strong></span> <span class='ocrx_word' id='word_1_4' title='bbox 788 648 960 755; x_wconf 88' lang='lat' dir='ltr'><strong>primum</strong></span> <span class='ocrx_word' id='word_1_5' title='bbox 973 649 1155 741; x_wconf 82' lang='lat' dir='ltr'><strong>adolevit,</strong></span> <span class='ocrx_word' id='word_1_6' title='bbox 1179 647 1328 756; x_wconf 89' lang='lat' dir='ltr'><strong>pollens</strong></span> <span class='ocrx_word' id='word_1_7' title='bbox 1344 644 1507 742; x_wconf 78' lang='lat' dir='ltr'><strong>viribus,</strong></span> <span class='ocrx_word' id='word_1_8' title='bbox 1528 645 1663 725; x_wconf 83' lang='lat' dir='ltr'><strong>decora</strong></span> <span class='ocrx_word' id='word_1_9' title='bbox 1679 645 1791 740; x_wconf 81' lang='lat' dir='ltr'><strong>faeie,</strong></span> <span class='ocrx_word' id='word_1_10' title='bbox 1809 647 1874 726; x_wconf 86' lang='lat' dir='ltr'><strong>sed</strong></span> <span class='ocrx_word' id='word_1_11' title='bbox 1893 647 1994 725; x_wconf 89' lang='lat' dir='ltr'><strong>mul-</strong></span> 
     </span>
     <span class='ocr_line' id='line_1_3' title="bbox 597 759 1992 880; baseline -0.001 -30"><span class='ocrx_word' id='word_1_12' title='bbox 597 791 637 852; x_wconf 90' lang='lat' dir='ltr'><strong>to</strong></span> <span class='ocrx_word' id='word_1_13' title='bbox 658 802 834 852; x_wconf 84' lang='lat' dir='ltr'><strong>maxume</strong></span> <span class='ocrx_word' id='word_1_14' title='bbox 849 774 1003 880; x_wconf 83' lang='lat' dir='ltr'><strong>ingenio</strong></span> <span class='ocrx_word' id='word_1_15' title='bbox 1021 773 1190 866; x_wconf 86' lang='lat' dir='ltr'><strong>validus,</strong></span> <span class='ocrx_word' id='word_1_16' title='bbox 1214 801 1294 850; x_wconf 91' lang='lat' dir='ltr'><strong>non</strong></span> <span class='ocrx_word' id='word_1_17' title='bbox 1319 797 1358 849; x_wconf 90' lang='lat' dir='ltr'><strong>se</strong></span> <span class='ocrx_word' id='word_1_18' title='bbox 1378 773 1475 848; x_wconf 83' lang='lat' dir='ltr'><strong>luxu</strong></span> <span class='ocrx_word' id='word_1_19' title='bbox 1503 799 1627 876; x_wconf 90' lang='lat' dir='ltr'><strong>neque</strong></span> <span class='ocrx_word' id='word_1_20' title='bbox 1651 759 1796 847; x_wconf 72' lang='lat' dir='ltr'><strong>inertiae</strong></span> <span class='ocrx_word' id='word_1_21' title='bbox 1822 797 1992 849; x_wconf 79' lang='lat' dir='ltr'><strong>corrum-</strong></span> 
     </span>
     <span class='ocr_line' id='line_1_4' title="bbox 593 895 1989 1004; baseline -0.003 -30"><span class='ocrx_word' id='word_1_22' title='bbox 593 899 766 1004; x_wconf 88' lang='lat' dir='ltr'><strong>pendum</strong></span> <span class='ocrx_word' id='word_1_23' title='bbox 781 897 905 991; x_wconf 77' lang='lat' dir='ltr'><strong>dedit,</strong></span> <span class='ocrx_word' id='word_1_24' title='bbox 925 897 1005 988; x_wconf 86' lang='lat' dir='ltr'><strong>sed,</strong></span> <span class='ocrx_word' id='word_1_25' title='bbox 1030 898 1090 972; x_wconf 91' lang='lat' dir='ltr'><strong>uti</strong></span> <span class='ocrx_word' id='word_1_26' title='bbox 1115 923 1195 973; x_wconf 87' lang='lat' dir='ltr'><strong>mos</strong></span> <span class='ocrx_word' id='word_1_27' title='bbox 1221 897 1342 1003; x_wconf 83' lang='lat' dir='ltr'><strong>gentis</strong></span> <span class='ocrx_word' id='word_1_28' title='bbox 1362 897 1466 972; x_wconf 88' lang='lat' dir='ltr'><strong>illius</strong></span> <span class='ocrx_word' id='word_1_29' title='bbox 1493 912 1564 987; x_wconf 81' lang='lat' dir='ltr'><strong>est,</strong></span> <span class='ocrx_word' id='word_1_30' title='bbox 1589 895 1781 999; x_wconf 87' lang='lat' dir='ltr'><strong>equitare,</strong></span> <span class='ocrx_word' id='word_1_31' title='bbox 1807 895 1989 983; x_wconf 84' lang='lat' dir='ltr'><strong>iaculari,</strong></span> 
     </span>
     <span class='ocr_line' id='line_1_5' title="bbox 593 1019 1990 1124; baseline -0.001 -27"><span class='ocrx_word' id='word_1_32' title='bbox 593 1047 706 1098; x_wconf 85' lang='lat' dir='ltr'><strong>cursu</strong></span> <span class='ocrx_word' id='word_1_33' title='bbox 723 1046 812 1096; x_wconf 89' lang='lat' dir='ltr'><strong>cum</strong></span> <span class='ocrx_word' id='word_1_34' title='bbox 827 1021 1037 1124; x_wconf 64' lang='lat' dir='ltr'><strong>aequalibus</strong></span> <span class='ocrx_word' id='word_1_35' title='bbox 1058 1036 1219 1096; x_wconf 83' lang='lat' dir='ltr'><strong>certare:</strong></span> <span class='ocrx_word' id='word_1_36' title='bbox 1234 1037 1272 1096; x_wconf 89' lang='lat' dir='ltr'><strong>et</strong></span> <span class='ocrx_word' id='word_1_37' title='bbox 1291 1047 1414 1123; x_wconf 92' lang='lat' dir='ltr'><strong>quum</strong></span> <span class='ocrx_word' id='word_1_38' title='bbox 1432 1020 1554 1094; x_wconf 89' lang='lat' dir='ltr'><strong>omnis</strong></span> <span class='ocrx_word' id='word_1_39' title='bbox 1573 1019 1693 1124; x_wconf 85' lang='lat' dir='ltr'><strong>gloria</strong></span> <span class='ocrx_word' id='word_1_40' title='bbox 1714 1019 1890 1108; x_wconf 81' lang='lat' dir='ltr'><strong>anteiret,</strong></span> <span class='ocrx_word' id='word_1_41' title='bbox 1911 1045 1990 1104; x_wconf 64' lang='lat' dir='ltr'><strong>ome</strong></span> 
     </span>
     <span class='ocr_line' id='line_1_6' title="bbox 591 1142 1989 1248; baseline -0.002 -28"><span class='ocrx_word' id='word_1_42' title='bbox 591 1145 706 1220; x_wconf 87' lang='lat' dir='ltr'><strong>nibus</strong></span> <span class='ocrx_word' id='word_1_43' title='bbox 735 1161 874 1220; x_wconf 89' lang='lat' dir='ltr'><strong>tamen·</strong></span> <span class='ocrx_word' id='word_1_44' title='bbox 889 1169 997 1220; x_wconf 84' lang='lat' dir='ltr'><strong>carus</strong></span> <span class='ocrx_word' id='word_1_45' title='bbox 1026 1169 1122 1219; x_wconf 88' lang='lat' dir='ltr'><strong>esse:</strong></span> <span class='ocrx_word' id='word_1_46' title='bbox 1155 1143 1206 1220; x_wconf 87' lang='lat' dir='ltr'><strong>ad</strong></span> <span class='ocrx_word' id='word_1_47' title='bbox 1234 1142 1310 1219; x_wconf 90' lang='lat' dir='ltr'><strong>hoc</strong></span> <span class='ocrx_word' id='word_1_48' title='bbox 1333 1143 1516 1248; x_wconf 80' lang='lat' dir='ltr'><strong>pleraque</strong></span> <span class='ocrx_word' id='word_1_49' title='bbox 1543 1158 1712 1246; x_wconf 88' lang='lat' dir='ltr'><strong>tempora</strong></span> <span class='ocrx_word' id='word_1_50' title='bbox 1747 1143 1789 1218; x_wconf 91' lang='lat' dir='ltr'><strong>in</strong></span> <span class='ocrx_word' id='word_1_51' title='bbox 1815 1142 1989 1218; x_wconf 86' lang='lat' dir='ltr'><strong>venando</strong></span> 
     </span>
     <span class='ocr_line' id='line_1_7' title="bbox 590 1265 2052 1379; baseline -0.001 -36"><span class='ocrx_word' id='word_1_52' title='bbox 590 1294 720 1373; x_wconf 81' lang='lat' dir='ltr'><strong>agere,</strong></span> <span class='ocrx_word' id='word_1_53' title='bbox 745 1270 895 1344; x_wconf 89' lang='lat' dir='ltr'><strong>leonem</strong></span> <span class='ocrx_word' id='word_1_54' title='bbox 914 1285 1028 1371; x_wconf 89' lang='lat' dir='ltr'><strong>atque</strong></span> <span class='ocrx_word' id='word_1_55' title='bbox 1045 1268 1137 1342; x_wconf 91' lang='lat' dir='ltr'><strong>alias</strong></span> <span class='ocrx_word' id='word_1_56' title='bbox 1159 1266 1256 1342; x_wconf 83' lang='lat' dir='ltr'><strong>feras</strong></span> <span class='ocrx_word' id='word_1_57' title='bbox 1274 1267 1420 1371; x_wconf 88' lang='lat' dir='ltr'><strong>primus</strong></span> <span class='ocrx_word' id='word_1_58' title='bbox 1441 1283 1510 1342; x_wconf 86' lang='lat' dir='ltr'><strong>aut</strong></span> <span class='ocrx_word' id='word_1_59' title='bbox 1531 1265 1573 1341; x_wconf 95' lang='lat' dir='ltr'><strong>in</strong></span> <span class='ocrx_word' id='word_1_60' title='bbox 1589 1266 1722 1370; x_wconf 88' lang='lat' dir='ltr'><strong>primis</strong></span> <span class='ocrx_word' id='word_1_61' title='bbox 1739 1265 1876 1342; x_wconf 85' lang='lat' dir='ltr'><strong>ferire:</strong></span> <span class='ocrx_word' id='word_1_62' title='bbox 1900 1266 1989 1371; x_wconf 92' lang='lat' dir='ltr'><strong>plu·</strong></span> <span class='ocrx_word' id='word_1_63' title='bbox 2046 1369 2052 1379; x_wconf 29' lang='grc'>1</span> 
     </span>
     <span class='ocr_line' id='line_1_8' title="bbox 589 1389 1988 1495; baseline -0.001 -30"><span class='ocrx_word' id='word_1_64' title='bbox 589 1391 732 1466; x_wconf 87' lang='lat' dir='ltr'><strong>rimum</strong></span> <span class='ocrx_word' id='word_1_65' title='bbox 749 1391 871 1467; x_wconf 78' lang='lat' dir='ltr'><strong>facere</strong></span> <span class='ocrx_word' id='word_1_66' title='bbox 890 1408 929 1467; x_wconf 89' lang='lat' dir='ltr'><strong>et</strong></span> <span class='ocrx_word' id='word_1_67' title='bbox 944 1392 1150 1467; x_wconf 90' lang='lat' dir='ltr'><strong>minimum</strong></span> <span class='ocrx_word' id='word_1_68' title='bbox 1170 1391 1249 1495; x_wconf 90' lang='lat' dir='ltr'><strong>ipse</strong></span> <span class='ocrx_word' id='word_1_69' title='bbox 1272 1391 1320 1465; x_wconf 92' lang='lat' dir='ltr'><strong>de</strong></span> <span class='ocrx_word' id='word_1_70' title='bbox 1341 1417 1379 1466; x_wconf 91' lang='lat' dir='ltr'><strong>se</strong></span> <span class='ocrx_word' id='word_1_71' title='bbox 1394 1390 1510 1492; x_wconf 90' lang='lat' dir='ltr'><strong>loqui.</strong></span> <span class='ocrx_word' id='word_1_72' title='bbox 1553 1390 1705 1486; x_wconf 86' lang='lat' dir='ltr'><strong>Quibus</strong></span> <span class='ocrx_word' id='word_1_73' title='bbox 1722 1390 1834 1464; x_wconf 92' lang='lat' dir='ltr'><strong>rebus</strong></span> <span class='ocrx_word' id='word_1_74' title='bbox 1853 1389 1988 1494; x_wconf 89' lang='lat' dir='ltr'><strong>Micip-</strong></span> 
     </span>
     <span class='ocr_line' id='line_1_9' title="bbox 586 1511 1988 1617; baseline -0.001 -28"><span class='ocrx_word' id='word_1_75' title='bbox 586 1539 645 1606; x_wconf 88' lang='lat' dir='ltr'><strong>sa,</strong></span> <span class='ocrx_word' id='word_1_76' title='bbox 662 1517 807 1608; x_wconf 84' lang='lat' dir='ltr'><strong>tametsi</strong></span> <span class='ocrx_word' id='word_1_77' title='bbox 829 1516 939 1590; x_wconf 90' lang='lat' dir='ltr'><strong>initio</strong></span> <span class='ocrx_word' id='word_1_78' title='bbox 958 1516 1065 1591; x_wconf 82' lang='lat' dir='ltr'><strong>laetus</strong></span> <span class='ocrx_word' id='word_1_79' title='bbox 1091 1514 1234 1605; x_wconf 88' lang='lat' dir='ltr'><strong>fuerat,</strong></span> <span class='ocrx_word' id='word_1_80' title='bbox 1259 1513 1489 1589; x_wconf 82' lang='lat' dir='ltr'>existumans</span> <span class='ocrx_word' id='word_1_81' title='bbox 1508 1511 1686 1590; x_wconf 81' lang='lat' dir='ltr'><strong>virtutem</strong></span> <span class='ocrx_word' id='word_1_82' title='bbox 1705 1511 1912 1617; x_wconf 82' lang='lat' dir='ltr'><strong>Iugurthae</strong></span> <span class='ocrx_word' id='word_1_83' title='bbox 1930 1539 1988 1588; x_wconf 78' lang='lat' dir='ltr'><strong>tc·</strong></span> 
     </span>
     <span class='ocr_line' id='line_1_10' title="bbox 585 1635 1986 1742; baseline -0.001 -31"><span class='ocrx_word' id='word_1_84' title='bbox 585 1664 661 1742; x_wconf 84' lang='lat' dir='ltr'><strong>gno</strong></span> <span class='ocrx_word' id='word_1_85' title='bbox 677 1663 745 1713; x_wconf 92' lang='lat' dir='ltr'><strong>suo</strong></span> <span class='ocrx_word' id='word_1_86' title='bbox 767 1637 896 1742; x_wconf 71' lang='lat' dir='ltr'><strong>gloriae</strong></span> <span class='ocrx_word' id='word_1_87' title='bbox 921 1637 1025 1714; x_wconf 90' lang='lat' dir='ltr'><strong>fore:</strong></span> <span class='ocrx_word' id='word_1_88' title='bbox 1060 1654 1206 1727; x_wconf 90' lang='lat' dir='ltr'><strong>tamen,</strong></span> <span class='ocrx_word' id='word_1_89' title='bbox 1241 1652 1443 1740; x_wconf 82' lang='lat' dir='ltr'><strong>postquam</strong></span> <span class='ocrx_word' id='word_1_90' title='bbox 1466 1635 1664 1712; x_wconf 89' lang='lat' dir='ltr'><strong>hominem</strong></span> <span class='ocrx_word' id='word_1_91' title='bbox 1684 1636 1986 1726; x_wconf 76' lang='lat' dir='ltr'><strong>adulescentem,</strong></span> 
     </span>
     <span class='ocr_line' id='line_1_11' title="bbox 587 1751 1986 1865; baseline -0.002 -30"><span class='ocrx_word' id='word_1_92' title='bbox 587 1778 716 1852; x_wconf 81' lang='lat' dir='ltr'><strong>exacta</strong></span> <span class='ocrx_word' id='word_1_93' title='bbox 738 1787 805 1834; x_wconf 90' lang='lat' dir='ltr'><strong>sua</strong></span> <span class='ocrx_word' id='word_1_94' title='bbox 827 1776 937 1836; x_wconf 84' lang='lat' dir='ltr'><strong>aetate</strong></span> <span class='ocrx_word' id='word_1_95' title='bbox 961 1777 1000 1836; x_wconf 91' lang='lat' dir='ltr'><strong>et</strong></span> <span class='ocrx_word' id='word_1_96' title='bbox 1017 1759 1141 1865; x_wconf 87' lang='lat' dir='ltr'><strong>parvis</strong></span> <span class='ocrx_word' id='word_1_97' title='bbox 1164 1760 1312 1850; x_wconf 88' lang='lat' dir='ltr'><strong>liberis,</strong></span> <span class='ocrx_word' id='word_1_98' title='bbox 1336 1761 1452 1864; x_wconf 79' lang='lat' dir='ltr'><strong>magis</strong></span> <span class='ocrx_word' id='word_1_99' title='bbox 1472 1751 1664 1865; x_wconf 84' lang='lat' dir='ltr'><strong>magisque</strong></span> <span class='ocrx_word' id='word_1_100' title='bbox 1687 1785 1848 1834; x_wconf 80' lang='lat' dir='ltr'><strong>crescam</strong></span> <span class='ocrx_word' id='word_1_101' title='bbox 1873 1759 1986 1850; x_wconf 72' lang='lat' dir='ltr'><strong>inte17</strong></span> 
     </span>
     <span class='ocr_line' id='line_1_12' title="bbox 585 1882 1985 1986; baseline 0.001 -31"><span class='ocrx_word' id='word_1_102' title='bbox 585 1882 693 1986; x_wconf 85' lang='lat' dir='ltr'><strong>legit,</strong></span> <span class='ocrx_word' id='word_1_103' title='bbox 717 1883 959 1960; x_wconf 82' lang='lat' dir='ltr'><strong>vehementer</strong></span> <span class='ocrx_word' id='word_1_104' title='bbox 983 1909 1027 1958; x_wconf 94' lang='lat' dir='ltr'><strong>eo</strong></span> <span class='ocrx_word' id='word_1_105' title='bbox 1058 1883 1209 1986; x_wconf 83' lang='lat' dir='ltr'><strong>negotio</strong></span> <span class='ocrx_word' id='word_1_106' title='bbox 1235 1898 1447 1985; x_wconf 87' lang='lat' dir='ltr'><strong>permotus,</strong></span> <span class='ocrx_word' id='word_1_107' title='bbox 1478 1883 1601 1958; x_wconf 89' lang='lat' dir='ltr'><strong>multa</strong></span> <span class='ocrx_word' id='word_1_108' title='bbox 1635 1910 1725 1958; x_wconf 91' lang='lat' dir='ltr'><strong>cum</strong></span> <span class='ocrx_word' id='word_1_109' title='bbox 1755 1882 1884 1958; x_wconf 82' lang='lat' dir='ltr'><strong>animo</strong></span> <span class='ocrx_word' id='word_1_110' title='bbox 1917 1907 1985 1958; x_wconf 90' lang='lat' dir='ltr'><strong>suo</strong></span> 
     </span>
     <span class='ocr_line' id='line_1_13' title="bbox 584 2004 1985 2110; baseline 0.001 -32"><span class='ocrx_word' id='word_1_111' title='bbox 584 2004 768 2078; x_wconf 82' lang='lat' dir='ltr'><strong>volvebat</strong></span> <span class='ocrx_word' id='word_1_112' title='bbox 806 2005 989 2079; x_wconf 77' lang='lat' dir='ltr'><strong>Tenebat</strong></span> <span class='ocrx_word' id='word_1_113' title='bbox 1010 2030 1099 2078; x_wconf 89' lang='lat' dir='ltr'><strong>eum</strong></span> <span class='ocrx_word' id='word_1_114' title='bbox 1119 2020 1257 2078; x_wconf 88' lang='lat' dir='ltr'><strong>natura</strong></span> <span class='ocrx_word' id='word_1_115' title='bbox 1273 2005 1514 2095; x_wconf 84' lang='lat' dir='ltr'><strong>mortalium,</strong></span> <span class='ocrx_word' id='word_1_116' title='bbox 1539 2006 1648 2081; x_wconf 84' lang='lat' dir='ltr'><strong>avida</strong></span> <span class='ocrx_word' id='word_1_117' title='bbox 1670 2007 1820 2110; x_wconf 89' lang='lat' dir='ltr'><strong>imperii</strong></span> <span class='ocrx_word' id='word_1_118' title='bbox 1838 2022 1876 2080; x_wconf 91' lang='lat' dir='ltr'><strong>et</strong></span> <span class='ocrx_word' id='word_1_119' title='bbox 1888 2031 1985 2110; x_wconf 57' lang='lat' dir='ltr'><strong>praef</strong></span> 
     </span>
     <span class='ocr_line' id='line_1_14' title="bbox 586 2126 1983 2233; baseline 0.002 -32"><span class='ocrx_word' id='word_1_120' title='bbox 586 2153 672 2230; x_wconf 89' lang='lat' dir='ltr'><strong>ceps</strong></span> <span class='ocrx_word' id='word_1_121' title='bbox 690 2128 740 2203; x_wconf 86' lang='lat' dir='ltr'><strong>ad</strong></span> <span class='ocrx_word' id='word_1_122' title='bbox 753 2126 982 2231; x_wconf 82' lang='lat' dir='ltr'><strong>explendam</strong></span> <span class='ocrx_word' id='word_1_123' title='bbox 1001 2126 1120 2204; x_wconf 87' lang='lat' dir='ltr'><strong>animi</strong></span> <span class='ocrx_word' id='word_1_124' title='bbox 1142 2128 1387 2231; x_wconf 86' lang='lat' dir='ltr'><strong>cupidinem:</strong></span> <span class='ocrx_word' id='word_1_125' title='bbox 1412 2145 1591 2233; x_wconf 69' lang='lat' dir='ltr'><strong>preterea</strong></span> <span class='ocrx_word' id='word_1_126' title='bbox 1616 2129 1881 2233; x_wconf 86' lang='lat' dir='ltr'><strong>opportunitas</strong></span> <span class='ocrx_word' id='word_1_127' title='bbox 1906 2153 1983 2204; x_wconf 83' lang='lat' dir='ltr'><strong>suae</strong></span> 
     </span>
     <span class='ocr_line' id='line_1_15' title="bbox 589 2232 1984 2356; baseline 0.004 -34"><span class='ocrx_word' id='word_1_128' title='bbox 589 2249 874 2355; x_wconf 82' lang='lat' dir='ltr'><strong>liberorumque</strong></span> <span class='ocrx_word' id='word_1_129' title='bbox 895 2250 1033 2340; x_wconf 83' lang='lat' dir='ltr'><strong>aetatis,</strong></span> <span class='ocrx_word' id='word_1_130' title='bbox 1053 2232 1139 2353; x_wconf 85' lang='lat' dir='ltr'><strong>quae</strong></span> <span class='ocrx_word' id='word_1_131' title='bbox 1164 2249 1281 2324; x_wconf 88' lang='lat' dir='ltr'><strong>etiam</strong></span> <span class='ocrx_word' id='word_1_132' title='bbox 1294 2249 1492 2326; x_wconf 89' lang='lat' dir='ltr'><strong>mediocris</strong></span> <span class='ocrx_word' id='word_1_133' title='bbox 1511 2253 1608 2328; x_wconf 84' lang='lat' dir='ltr'><strong>viros</strong></span> <span class='ocrx_word' id='word_1_134' title='bbox 1625 2279 1691 2356; x_wconf 89' lang='lat' dir='ltr'><strong>spe</strong></span> <span class='ocrx_word' id='word_1_135' title='bbox 1708 2253 1845 2356; x_wconf 82' lang='lat' dir='ltr'><strong>praedae</strong></span> <span class='ocrx_word' id='word_1_136' title='bbox 1866 2268 1984 2344; x_wconf 59' lang='lat' dir='ltr'><strong>transf</strong></span> 
     </span>
     <span class='ocr_line' id='line_1_16' title="bbox 584 2369 1984 2482; baseline 0.004 -36"><span class='ocrx_word' id='word_1_137' title='bbox 584 2397 708 2447; x_wconf 80' lang='lat' dir='ltr'><strong>vorsos</strong></span> <span class='ocrx_word' id='word_1_138' title='bbox 730 2374 839 2477; x_wconf 83' lang='lat' dir='ltr'><strong>agit:</strong></span> <span class='ocrx_word' id='word_1_139' title='bbox 873 2374 923 2449; x_wconf 87' lang='lat' dir='ltr'><strong>ad</strong></span> <span class='ocrx_word' id='word_1_140' title='bbox 941 2369 1017 2448; x_wconf 91' lang='lat' dir='ltr'><strong>hoc</strong></span> <span class='ocrx_word' id='word_1_141' title='bbox 1040 2371 1165 2448; x_wconf 89' lang='lat' dir='ltr'><strong>studia</strong></span> <span class='ocrx_word' id='word_1_142' title='bbox 1189 2373 1445 2454; x_wconf 88' lang='lat' dir='ltr'><strong>Numidarum</strong></span> <span class='ocrx_word' id='word_1_143' title='bbox 1473 2376 1516 2452; x_wconf 89' lang='lat' dir='ltr'><strong>in</strong></span> <span class='ocrx_word' id='word_1_144' title='bbox 1543 2375 1771 2482; x_wconf 84' lang='lat' dir='ltr'><strong>Iugurtham</strong></span> <span class='ocrx_word' id='word_1_145' title='bbox 1804 2401 1984 2467; x_wconf 77' lang='lat' dir='ltr'><strong>accensa,</strong></span> 
     </span>
     <span class='ocr_line' id='line_1_17' title="bbox 585 2494 1984 2603; baseline 0.003 -33"><span class='ocrx_word' id='word_1_146' title='bbox 585 2521 631 2570; x_wconf 84' lang='lat' dir='ltr'><strong>ex</strong></span> <span class='ocrx_word' id='word_1_147' title='bbox 651 2495 807 2598; x_wconf 87' lang='lat' dir='ltr'><strong>quibus,</strong></span> <span class='ocrx_word' id='word_1_148' title='bbox 833 2494 1002 2570; x_wconf 84' lang='lat' dir='ltr'><strong>sitalem</strong></span> <span class='ocrx_word' id='word_1_149' title='bbox 1022 2495 1148 2570; x_wconf 83' lang='lat' dir='ltr'><strong>virum</strong></span> <span class='ocrx_word' id='word_1_150' title='bbox 1181 2494 1280 2571; x_wconf 92' lang='lat' dir='ltr'><strong>dolis</strong></span> <span class='ocrx_word' id='word_1_151' title='bbox 1300 2496 1560 2589; x_wconf 84' lang='lat' dir='ltr'><strong>interfecisset,</strong></span> <span class='ocrx_word' id='word_1_152' title='bbox 1583 2526 1632 2574; x_wconf 90' lang='lat' dir='ltr'><strong>ne</strong></span> <span class='ocrx_word' id='word_1_153' title='bbox 1663 2528 1739 2603; x_wconf 90' lang='lat' dir='ltr'><strong>qua</strong></span> <span class='ocrx_word' id='word_1_154' title='bbox 1760 2499 1893 2576; x_wconf 87' lang='lat' dir='ltr'><strong>seditio</strong></span> <span class='ocrx_word' id='word_1_155' title='bbox 1917 2517 1984 2576; x_wconf 88' lang='lat' dir='ltr'><strong>aut</strong></span> 
     </span>
     <span class='ocr_line' id='line_1_18' title="bbox 555 2617 1981 2714; baseline 0.004 -21"><span class='ocrx_word' id='word_1_156' title='bbox 555 2617 734 2713; x_wconf 86' lang='lat' dir='ltr'><strong>7bellum</strong></span> <span class='ocrx_word' id='word_1_157' title='bbox 757 2618 952 2709; x_wconf 81' lang='lat' dir='ltr'><strong>oriretur,</strong></span> <span class='ocrx_word' id='word_1_158' title='bbox 991 2619 1126 2694; x_wconf 85' lang='lat' dir='ltr'><strong>anxius</strong></span> <span class='ocrx_word' id='word_1_159' title='bbox 1155 2635 1244 2695; x_wconf 84' lang='lat' dir='ltr'><strong>erat</strong></span> <span class='ocrx_word' id='word_1_160' title='bbox 1284 2621 1353 2695; x_wconf 89' lang='lat' dir='ltr'><strong>His</strong></span> <span class='ocrx_word' id='word_1_161' title='bbox 1386 2619 1674 2698; x_wconf 86' lang='lat' dir='ltr'><strong>difficultatibus</strong></span> <span class='ocrx_word' id='word_1_162' title='bbox 1702 2624 1981 2714; x_wconf 84' lang='lat' dir='ltr'><strong>circumventus</strong></span> 
     </span>
     <span class='ocr_line' id='line_1_19' title="bbox 585 2741 1981 2852; baseline 0.006 -35"><span class='ocrx_word' id='word_1_163' title='bbox 585 2741 654 2817; x_wconf 92' lang='lat' dir='ltr'><strong>ubi</strong></span> <span class='ocrx_word' id='word_1_164' title='bbox 677 2741 799 2833; x_wconf 87' lang='lat' dir='ltr'><strong>videt,</strong></span> <span class='ocrx_word' id='word_1_165' title='bbox 825 2767 950 2846; x_wconf 88' lang='lat' dir='ltr'><strong>neque</strong></span> <span class='ocrx_word' id='word_1_166' title='bbox 973 2770 1043 2847; x_wconf 91' lang='lat' dir='ltr'><strong>per</strong></span> <span class='ocrx_word' id='word_1_167' title='bbox 1058 2741 1136 2818; x_wconf 85' lang='lat' dir='ltr'><strong>vim</strong></span> <span class='ocrx_word' id='word_1_168' title='bbox 1161 2769 1286 2846; x_wconf 90' lang='lat' dir='ltr'><strong>neque</strong></span> <span class='ocrx_word' id='word_1_169' title='bbox 1306 2743 1451 2820; x_wconf 91' lang='lat' dir='ltr'><strong>insidiis</strong></span> <span class='ocrx_word' id='word_1_170' title='bbox 1476 2747 1642 2851; x_wconf 90' lang='lat' dir='ltr'><strong>opprimi</strong></span> <span class='ocrx_word' id='word_1_171' title='bbox 1658 2773 1762 2852; x_wconf 86' lang='lat' dir='ltr'><strong>posse</strong></span> <span class='ocrx_word' id='word_1_172' title='bbox 1785 2745 1981 2827; x_wconf 90' lang='lat' dir='ltr'><strong>hominem</strong></span> 
     </span>
    </p>
   </div>
   <div class='ocr_carea' id='block_1_3' title="bbox 571 2936 2007 4470">
    <p class='ocr_par' dir='ltr' id='par_1_3' title="bbox 571 2936 2007 4470">
     <span class='ocr_line' id='line_1_20' title="bbox 666 2936 1982 3022; baseline 0.005 -23"><span class='ocrx_word' id='word_1_173' title='bbox 666 2939 739 3022; x_wconf 85' lang='lat' dir='ltr'><strong>Cup.</strong></span> <span class='ocrx_word' id='word_1_174' title='bbox 755 2942 784 3000; x_wconf 88' lang='lat'><strong>6.</strong></span> <span class='ocrx_word' id='word_1_175' title='bbox 806 2939 878 3001; x_wconf 68' lang='grc' dir='ltr'><strong>ἂιτιι</strong></span> <span class='ocrx_word' id='word_1_176' title='bbox 914 2936 1018 3002; x_wconf 86' lang='lat' dir='ltr'><strong>Franc.</strong></span> <span class='ocrx_word' id='word_1_177' title='bbox 1044 2937 1245 3001; x_wconf 61' lang='lat' dir='ltr'><strong>vratislaw.</strong></span> <span class='ocrx_word' id='word_1_178' title='bbox 1276 2939 1374 3002; x_wconf 83' lang='lat' dir='ltr'><strong>Guell.</strong></span> <span class='ocrx_word' id='word_1_179' title='bbox 1392 2942 1419 3002; x_wconf 88' lang='lat'><strong>5.</strong></span> <span class='ocrx_word' id='word_1_180' title='bbox 1435 2964 1463 3022; x_wconf 89' lang='lat'><strong>9.</strong></span> <span class='ocrx_word' id='word_1_181' title='bbox 1496 2941 1609 3002; x_wconf 86' lang='lat' dir='ltr'><strong>Fabric.</strong></span> <span class='ocrx_word' id='word_1_182' title='bbox 1630 2941 1716 3006; x_wconf 75' lang='lat' dir='ltr'><strong>Rivii.</strong></span> <span class='ocrx_word' id='word_1_183' title='bbox 1747 2941 1834 3004; x_wconf 84' lang='lat' dir='ltr'><strong>Palot.</strong></span> <span class='ocrx_word' id='word_1_184' title='bbox 1850 2945 1982 3005; x_wconf 72' lang='lat' dir='ltr'><strong>meliores</strong></span> 
     </span>
     <span class='ocr_line' id='line_1_21' title="bbox 581 3039 1979 3129; baseline 0.001 -23"><span class='ocrx_word' id='word_1_185' title='bbox 581 3046 648 3106; x_wconf 79' lang='lat' dir='ltr'><strong>Nar.</strong></span> <span class='ocrx_word' id='word_1_186' title='bbox 670 3045 788 3106; x_wconf 89' lang='lat' dir='ltr'><strong>Comm.</strong></span> <span class='ocrx_word' id='word_1_187' title='bbox 804 3039 850 3108; x_wconf 82' lang='lat' dir='ltr'><strong>m.</strong></span> <span class='ocrx_word' id='word_1_188' title='bbox 866 3065 912 3126; x_wconf 91' lang='lat' dir='ltr'><strong>pr.</strong></span> <span class='ocrx_word' id='word_1_189' title='bbox 943 3046 1190 3123; x_wconf 76' lang='lat' dir='ltr'><strong>corrumpendum</strong></span> <span class='ocrx_word' id='word_1_190' title='bbox 1209 3066 1270 3104; x_wconf 86' lang='lat' dir='ltr'><strong>om.</strong></span> <span class='ocrx_word' id='word_1_191' title='bbox 1290 3045 1351 3105; x_wconf 87' lang='lat' dir='ltr'><strong>Erl.</strong></span> <span class='ocrx_word' id='word_1_192' title='bbox 1381 3069 1443 3107; x_wconf 87' lang='lat' dir='ltr'><strong>mos</strong></span> <span class='ocrx_word' id='word_1_193' title='bbox 1461 3056 1501 3107; x_wconf 81' lang='lat' dir='ltr'><strong>cst</strong></span> <span class='ocrx_word' id='word_1_194' title='bbox 1521 3047 1598 3108; x_wconf 84' lang='lat' dir='ltr'><strong>illius</strong></span> <span class='ocrx_word' id='word_1_195' title='bbox 1617 3047 1712 3129; x_wconf 78' lang='lat' dir='ltr'><strong>gentis</strong></span> <span class='ocrx_word' id='word_1_196' title='bbox 1732 3049 1791 3114; x_wconf 85' lang='lat' dir='ltr'><strong>Erl.</strong></span> <span class='ocrx_word' id='word_1_197' title='bbox 1821 3049 1863 3110; x_wconf 80' lang='lat' dir='ltr'><strong>itt.</strong></span> <span class='ocrx_word' id='word_1_198' title='bbox 1877 3072 1909 3128; x_wconf 77' lang='lat' dir='ltr'><strong>g.</strong></span> <span class='ocrx_word' id='word_1_199' title='bbox 1929 3059 1979 3111; x_wconf 80' lang='lat' dir='ltr'><strong>est.</strong></span> 
     </span>
     <span class='ocr_line' id='line_1_22' title="bbox 580 3147 1978 3218; baseline 0.004 -8"><span class='ocrx_word' id='word_1_200' title='bbox 580 3149 665 3210; x_wconf 82' lang='lat' dir='ltr'><strong>Bern.</strong></span> <span class='ocrx_word' id='word_1_201' title='bbox 675 3149 703 3211; x_wconf 91' lang='lat'><strong>3.</strong></span> <span class='ocrx_word' id='word_1_202' title='bbox 725 3169 812 3210; x_wconf 83' lang='lat' dir='ltr'><strong>canu</strong></span> <span class='ocrx_word' id='word_1_203' title='bbox 829 3167 894 3210; x_wconf 80' lang='lat' dir='ltr'><strong>esse.</strong></span> <span class='ocrx_word' id='word_1_204' title='bbox 915 3157 985 3208; x_wconf 72' lang='lat' dir='ltr'><strong>auct</strong></span> <span class='ocrx_word' id='word_1_205' title='bbox 1000 3147 1097 3207; x_wconf 83' lang='lat' dir='ltr'><strong>Gucll.</strong></span> <span class='ocrx_word' id='word_1_206' title='bbox 1116 3169 1142 3208; x_wconf 91' lang='grc' dir='ltr'><strong>ι.</strong></span> <span class='ocrx_word' id='word_1_207' title='bbox 1163 3158 1227 3209; x_wconf 83' lang='lat' dir='ltr'><strong>erut</strong></span> <span class='ocrx_word' id='word_1_208' title='bbox 1242 3149 1339 3211; x_wconf 83' lang='lat' dir='ltr'><strong>Guell.</strong></span> <span class='ocrx_word' id='word_1_209' title='bbox 1353 3151 1381 3210; x_wconf 91' lang='lat'><strong>5.</strong></span> <span class='ocrx_word' id='word_1_210' title='bbox 1401 3151 1500 3216; x_wconf 69' lang='lat' dir='ltr'><strong>Hense</strong></span> <span class='ocrx_word' id='word_1_211' title='bbox 1525 3153 1592 3212; x_wconf 80' lang='lat' dir='ltr'><strong>Seu.</strong></span> <span class='ocrx_word' id='word_1_212' title='bbox 1609 3175 1636 3214; x_wconf 85' lang='lat' dir='ltr'><strong>a.</strong></span> <span class='ocrx_word' id='word_1_213' title='bbox 1655 3156 1735 3218; x_wconf 82' lang='lat' dir='ltr'><strong>Vrat.</strong></span> <span class='ocrx_word' id='word_1_214' title='bbox 1751 3155 1780 3216; x_wconf 87' lang='lat'><strong>3.</strong></span> <span class='ocrx_word' id='word_1_215' title='bbox 1809 3156 1890 3216; x_wconf 82' lang='lat' dir='ltr'><strong>Leid.</strong></span> <span class='ocrx_word' id='word_1_216' title='bbox 1912 3153 1942 3215; x_wconf 90' lang='lat' dir='ltr'><strong>h.</strong></span> <span class='ocrx_word' id='word_1_217' title='bbox 1958 3158 1978 3216; x_wconf 85' lang='lat' dir='ltr'><strong>i.</strong></span> 
     </span>
     <span class='ocr_line' id='line_1_23' title="bbox 579 3251 1980 3336; baseline 0.006 -24"><span class='ocrx_word' id='word_1_218' title='bbox 579 3274 620 3312; x_wconf 87' lang='lat' dir='ltr'><strong>m.</strong></span> <span class='ocrx_word' id='word_1_219' title='bbox 636 3275 666 3314; x_wconf 89' lang='lat' dir='ltr'><strong>n.</strong></span> <span class='ocrx_word' id='word_1_220' title='bbox 686 3253 756 3315; x_wconf 85' lang='lat' dir='ltr'><strong>Tur.</strong></span> <span class='ocrx_word' id='word_1_221' title='bbox 778 3273 834 3314; x_wconf 79' lang='lat' dir='ltr'><strong>esse</strong></span> <span class='ocrx_word' id='word_1_222' title='bbox 853 3274 914 3318; x_wconf 86' lang='lat' dir='ltr'><strong>om.</strong></span> <span class='ocrx_word' id='word_1_223' title='bbox 934 3251 1000 3312; x_wconf 83' lang='lat' dir='ltr'><strong>Eoc.</strong></span> <span class='ocrx_word' id='word_1_224' title='bbox 1018 3251 1179 3332; x_wconf 83' lang='lat' dir='ltr'><strong>plurimum</strong></span> <span class='ocrx_word' id='word_1_225' title='bbox 1187 3255 1300 3332; x_wconf 77' lang='lat' dir='ltr'><strong>facere.</strong></span> <span class='ocrx_word' id='word_1_226' title='bbox 1312 3276 1373 3315; x_wconf 87' lang='lat' dir='ltr'><strong>om.</strong></span> <span class='ocrx_word' id='word_1_227' title='bbox 1394 3254 1491 3317; x_wconf 83' lang='lat' dir='ltr'><strong>Guels.</strong></span> <span class='ocrx_word' id='word_1_228' title='bbox 1507 3259 1535 3322; x_wconf 88' lang='grc'><strong>5.</strong></span> <span class='ocrx_word' id='word_1_229' title='bbox 1546 3259 1654 3336; x_wconf 78' lang='lat' dir='ltr'><strong>socero</strong></span> <span class='ocrx_word' id='word_1_230' title='bbox 1671 3259 1748 3320; x_wconf 88' lang='lat' dir='ltr'><strong>delet</strong></span> <span class='ocrx_word' id='word_1_231' title='bbox 1764 3261 1860 3320; x_wconf 85' lang='lat' dir='ltr'><strong>Guell.</strong></span> <span class='ocrx_word' id='word_1_232' title='bbox 1872 3282 1899 3321; x_wconf 81' lang='lat' dir='ltr'><strong>a.</strong></span> <span class='ocrx_word' id='word_1_233' title='bbox 1920 3262 1980 3321; x_wconf 86' lang='lat' dir='ltr'><strong>mi·</strong></span> 
     </span>
     <span class='ocr_line' id='line_1_24' title="bbox 576 3354 2007 3446; baseline 0.009 -34"><span class='ocrx_word' id='word_1_234' title='bbox 576 3354 658 3415; x_wconf 81' lang='lat' dir='ltr'><strong>nime</strong></span> <span class='ocrx_word' id='word_1_235' title='bbox 677 3355 773 3416; x_wconf 84' lang='lat' dir='ltr'><strong>Guels.</strong></span> <span class='ocrx_word' id='word_1_236' title='bbox 791 3378 836 3417; x_wconf 90' lang='grc' dir='ltr'><strong>ιι.</strong></span> <span class='ocrx_word' id='word_1_237' title='bbox 856 3357 936 3418; x_wconf 76' lang='lat' dir='ltr'><strong>Vtat-</strong></span> <span class='ocrx_word' id='word_1_238' title='bbox 946 3355 976 3416; x_wconf 99' lang='lat'>3</span> <span class='ocrx_word' id='word_1_239' title='bbox 997 3357 1074 3416; x_wconf 75' lang='lat' dir='ltr'><strong>dese</strong></span> <span class='ocrx_word' id='word_1_240' title='bbox 1087 3355 1147 3436; x_wconf 76' lang='grc' dir='ltr'><strong>ι’ρεο</strong></span> <span class='ocrx_word' id='word_1_241' title='bbox 1167 3357 1269 3419; x_wconf 86' lang='lat' dir='ltr'><strong>Franc.</strong></span> <span class='ocrx_word' id='word_1_242' title='bbox 1289 3360 1370 3422; x_wconf 83' lang='lat' dir='ltr'><strong>Vrot.</strong></span> <span class='ocrx_word' id='word_1_243' title='bbox 1382 3380 1408 3426; x_wconf 83' lang='lat' dir='ltr'><strong>a.</strong></span> <span class='ocrx_word' id='word_1_244' title='bbox 1428 3361 1562 3422; x_wconf 79' lang='lat' dir='ltr'><strong>Leidm.</strong></span> <span class='ocrx_word' id='word_1_245' title='bbox 1583 3365 1621 3422; x_wconf 79' lang='lat' dir='ltr'><strong>de</strong></span> <span class='ocrx_word' id='word_1_246' title='bbox 1635 3383 1664 3424; x_wconf 84' lang='lat' dir='ltr'><strong>sc</strong></span> <span class='ocrx_word' id='word_1_247' title='bbox 1680 3365 1737 3444; x_wconf 80' lang='lat' dir='ltr'><strong>ipsc</strong></span> <span class='ocrx_word' id='word_1_248' title='bbox 1758 3365 1844 3425; x_wconf 78' lang='lat' dir='ltr'><strong>Fabr.</strong></span> <span class='ocrx_word' id='word_1_249' title='bbox 1859 3387 1886 3427; x_wconf 86' lang='lat' dir='ltr'><strong>a.</strong></span> <span class='ocrx_word' id='word_1_250' title='bbox 1906 3369 1979 3446; x_wconf 89' lang='lat' dir='ltr'><strong>plu·</strong></span> <span class='ocrx_word' id='word_1_251' title='bbox 2003 3407 2007 3416; x_wconf 81' lang='lat'><em>·</em></span> 
     </span>
     <span class='ocr_line' id='line_1_25' title="bbox 578 3456 1975 3548; baseline 0.01 -32"><span class='ocrx_word' id='word_1_252' title='bbox 578 3477 622 3516; x_wconf 83' lang='lat' dir='ltr'><strong>res</strong></span> <span class='ocrx_word' id='word_1_253' title='bbox 634 3456 720 3532; x_wconf 74' lang='lat' dir='ltr'><strong>lliyii.</strong></span> <span class='ocrx_word' id='word_1_254' title='bbox 742 3457 799 3537; x_wconf 74' lang='grc' dir='ltr'><strong>ι’ριο</strong></span> <span class='ocrx_word' id='word_1_255' title='bbox 809 3479 870 3522; x_wconf 87' lang='grc' dir='ltr'><strong>οιιι.</strong></span> <span class='ocrx_word' id='word_1_256' title='bbox 887 3459 969 3518; x_wconf 85' lang='lat' dir='ltr'><strong>Leid.</strong></span> <span class='ocrx_word' id='word_1_257' title='bbox 980 3479 1011 3522; x_wconf 85' lang='lat' dir='ltr'><strong>n.</strong></span> <span class='ocrx_word' id='word_1_258' title='bbox 1023 3460 1130 3534; x_wconf 73' lang='lat' dir='ltr'><strong>socero</strong></span> <span class='ocrx_word' id='word_1_259' title='bbox 1146 3461 1302 3522; x_wconf 82' lang='lat' dir='ltr'><strong>minimum</strong></span> <span class='ocrx_word' id='word_1_260' title='bbox 1310 3465 1405 3526; x_wconf 82' lang='lat' dir='ltr'><strong>Struv.</strong></span> <span class='ocrx_word' id='word_1_261' title='bbox 1420 3475 1531 3540; x_wconf 50' lang='lat' dir='ltr'><strong>,oracta</strong></span> <span class='ocrx_word' id='word_1_262' title='bbox 1543 3476 1628 3527; x_wconf 76' lang='lat' dir='ltr'><strong>etate</strong></span> <span class='ocrx_word' id='word_1_263' title='bbox 1649 3468 1714 3547; x_wconf 91' lang='lat' dir='ltr'><strong>(sua</strong></span> <span class='ocrx_word' id='word_1_264' title='bbox 1727 3471 1844 3548; x_wconf 86' lang='lat' dir='ltr'><strong>omissa)</strong></span> <span class='ocrx_word' id='word_1_265' title='bbox 1865 3470 1938 3530; x_wconf 81' lang='lat' dir='ltr'><strong>Bcrn</strong></span> <span class='ocrx_word' id='word_1_266' title='bbox 1951 3491 1975 3529; x_wconf 91' lang='grc' dir='ltr'><strong>ι.</strong></span> 
     </span>
     <span class='ocr_line' id='line_1_26' title="bbox 576 3560 1975 3646; baseline 0.01 -26"><span class='ocrx_word' id='word_1_267' title='bbox 576 3570 607 3620; x_wconf 79' lang='lat' dir='ltr'><strong>ct</strong></span> <span class='ocrx_word' id='word_1_268' title='bbox 620 3580 704 3640; x_wconf 71' lang='lat' dir='ltr'><strong>parv,</strong></span> <span class='ocrx_word' id='word_1_269' title='bbox 719 3560 767 3620; x_wconf 75' lang='lat' dir='ltr'><strong>tt.</strong></span> <span class='ocrx_word' id='word_1_270' title='bbox 788 3571 816 3621; x_wconf 84' lang='lat' dir='ltr'><strong>et</strong></span> <span class='ocrx_word' id='word_1_271' title='bbox 831 3582 892 3621; x_wconf 83' lang='lat' dir='ltr'><strong>om.</strong></span> <span class='ocrx_word' id='word_1_272' title='bbox 905 3562 1000 3622; x_wconf 79' lang='lat' dir='ltr'><strong>Strur.</strong></span> <span class='ocrx_word' id='word_1_273' title='bbox 1021 3560 1206 3624; x_wconf 86' lang='lat' dir='ltr'><strong>duoWossii.</strong></span> <span class='ocrx_word' id='word_1_274' title='bbox 1228 3566 1369 3646; x_wconf 79' lang='lat' dir='ltr'><strong>intellegit</strong></span> <span class='ocrx_word' id='word_1_275' title='bbox 1388 3568 1449 3629; x_wconf 87' lang='lat' dir='ltr'><strong>Bas.</strong></span> <span class='ocrx_word' id='word_1_276' title='bbox 1472 3591 1498 3629; x_wconf 85' lang='lat'><strong>1.</strong></span> <span class='ocrx_word' id='word_1_277' title='bbox 1518 3570 1632 3632; x_wconf 80' lang='lat' dir='ltr'><strong>Fabric.</strong></span> <span class='ocrx_word' id='word_1_278' title='bbox 1648 3593 1672 3638; x_wconf 92' lang='grc' dir='ltr'><strong>ι.</strong></span> <span class='ocrx_word' id='word_1_279' title='bbox 1699 3573 1818 3640; x_wconf 84' lang='lat' dir='ltr'><strong>Eccard.</strong></span> <span class='ocrx_word' id='word_1_280' title='bbox 1839 3575 1934 3634; x_wconf 85' lang='lat' dir='ltr'><strong>Senot.</strong></span> <span class='ocrx_word' id='word_1_281' title='bbox 1951 3563 1975 3634; x_wconf 82' lang='grc' dir='ltr'><strong>ι.</strong></span> 
     </span>
     <span class='ocr_line' id='line_1_27' title="bbox 577 3663 1976 3754; baseline 0.012 -30"><span class='ocrx_word' id='word_1_282' title='bbox 577 3663 675 3731; x_wconf 83' lang='lat' dir='ltr'><strong>Guell.</strong></span> <span class='ocrx_word' id='word_1_283' title='bbox 688 3686 713 3725; x_wconf 87' lang='grc' dir='ltr'><strong>ι.</strong></span> <span class='ocrx_word' id='word_1_284' title='bbox 725 3665 755 3732; x_wconf 87' lang='grc'><strong>6.</strong></span> <span class='ocrx_word' id='word_1_285' title='bbox 778 3664 919 3725; x_wconf 69' lang='lat' dir='ltr'><strong>intellexit</strong></span> <span class='ocrx_word' id='word_1_286' title='bbox 938 3667 997 3729; x_wconf 89' lang='lat' dir='ltr'><strong>inc.</strong></span> <span class='ocrx_word' id='word_1_287' title='bbox 1013 3685 1040 3725; x_wconf 75' lang='lat' dir='ltr'><strong>a.</strong></span> <span class='ocrx_word' id='word_1_288' title='bbox 1061 3663 1158 3726; x_wconf 84' lang='lat' dir='ltr'><strong>Guelf.</strong></span> <span class='ocrx_word' id='word_1_289' title='bbox 1171 3687 1199 3728; x_wconf 80' lang='lat' dir='ltr'><strong>a.</strong></span> <span class='ocrx_word' id='word_1_290' title='bbox 1212 3673 1239 3730; x_wconf 85' lang='lat'><strong>3.</strong></span> <span class='ocrx_word' id='word_1_291' title='bbox 1252 3691 1262 3728; x_wconf 91' lang='grc' dir='ltr'><strong>ι</strong></span> <span class='ocrx_word' id='word_1_292' title='bbox 1273 3691 1298 3730; x_wconf 88' lang='grc' dir='ltr'><strong>ι.</strong></span> <span class='ocrx_word' id='word_1_293' title='bbox 1317 3691 1350 3730; x_wconf 84' lang='lat' dir='ltr'><strong>co</strong></span> <span class='ocrx_word' id='word_1_294' title='bbox 1364 3674 1490 3752; x_wconf 80' lang='lat' dir='ltr'><strong>negotio.</strong></span> <span class='ocrx_word' id='word_1_295' title='bbox 1512 3694 1546 3734; x_wconf 79' lang='lat' dir='ltr'><strong>co</strong></span> <span class='ocrx_word' id='word_1_296' title='bbox 1565 3695 1628 3742; x_wconf 84' lang='lat' dir='ltr'><strong>om.</strong></span> <span class='ocrx_word' id='word_1_297' title='bbox 1648 3676 1745 3736; x_wconf 85' lang='lat' dir='ltr'><strong>Guels.</strong></span> <span class='ocrx_word' id='word_1_298' title='bbox 1758 3679 1787 3750; x_wconf 93' lang='grc'><strong>4.</strong></span> <span class='ocrx_word' id='word_1_299' title='bbox 1807 3679 1909 3754; x_wconf 78' lang='lat' dir='ltr'><strong>onirno</strong></span> <span class='ocrx_word' id='word_1_300' title='bbox 1924 3699 1976 3752; x_wconf 80' lang='lat' dir='ltr'><strong>suo</strong></span> 
     </span>
     <span class='ocr_line' id='line_1_28' title="bbox 574 3767 1974 3862; baseline 0.011 -33"><span class='ocrx_word' id='word_1_301' title='bbox 574 3791 664 3850; x_wconf 89' lang='lat' dir='ltr'><strong>pron.</strong></span> <span class='ocrx_word' id='word_1_302' title='bbox 679 3791 740 3848; x_wconf 83' lang='lat' dir='ltr'><strong>om.</strong></span> <span class='ocrx_word' id='word_1_303' title='bbox 761 3767 847 3830; x_wconf 79' lang='lat' dir='ltr'><strong>Febr.</strong></span> <span class='ocrx_word' id='word_1_304' title='bbox 862 3789 889 3830; x_wconf 72' lang='grc' dir='ltr'><strong>ο.</strong></span> <span class='ocrx_word' id='word_1_305' title='bbox 908 3769 989 3831; x_wconf 83' lang='lat' dir='ltr'><strong>Vrot.</strong></span> <span class='ocrx_word' id='word_1_306' title='bbox 1002 3789 1029 3828; x_wconf 77' lang='lat' dir='ltr'><strong>a.</strong></span> <span class='ocrx_word' id='word_1_307' title='bbox 1049 3769 1155 3829; x_wconf 59' lang='lat' dir='ltr'><strong>Vina.</strong></span> <span class='ocrx_word' id='word_1_308' title='bbox 1177 3770 1275 3832; x_wconf 85' lang='lat' dir='ltr'><strong>Guell.</strong></span> <span class='ocrx_word' id='word_1_309' title='bbox 1288 3774 1315 3838; x_wconf 89' lang='lat'><strong>5.</strong></span> <span class='ocrx_word' id='word_1_310' title='bbox 1336 3775 1421 3835; x_wconf 78' lang='lat' dir='ltr'><strong>Bern.</strong></span> <span class='ocrx_word' id='word_1_311' title='bbox 1434 3777 1463 3842; x_wconf 89' lang='lat'><strong>3.</strong></span> <span class='ocrx_word' id='word_1_312' title='bbox 1484 3779 1581 3839; x_wconf 78' lang='lat' dir='ltr'><strong>animi</strong></span> <span class='ocrx_word' id='word_1_313' title='bbox 1595 3781 1784 3862; x_wconf 78' lang='lat' dir='ltr'><strong>cupiditatem</strong></span> <span class='ocrx_word' id='word_1_314' title='bbox 1812 3782 1924 3850; x_wconf 83' lang='lat' dir='ltr'><strong>Fabric.</strong></span> <span class='ocrx_word' id='word_1_315' title='bbox 1948 3805 1974 3844; x_wconf 88' lang='grc' dir='ltr'><strong>ι.</strong></span> 
     </span>
     <span class='ocr_line' id='line_1_29' title="bbox 575 3873 1974 3972; baseline 0.009 -36"><span class='ocrx_word' id='word_1_316' title='bbox 575 3874 655 3936; x_wconf 87' lang='lat' dir='ltr'><strong>Vrat.</strong></span> <span class='ocrx_word' id='word_1_317' title='bbox 668 3874 697 3936; x_wconf 90' lang='lat'><strong>3.</strong></span> <span class='ocrx_word' id='word_1_318' title='bbox 716 3875 801 3935; x_wconf 86' lang='lat' dir='ltr'><strong>Rem.</strong></span> <span class='ocrx_word' id='word_1_319' title='bbox 815 3893 843 3936; x_wconf 86' lang='lat'><strong>2.</strong></span> <span class='ocrx_word' id='word_1_320' title='bbox 864 3873 961 3935; x_wconf 81' lang='lat' dir='ltr'><strong>Gucll.</strong></span> <span class='ocrx_word' id='word_1_321' title='bbox 982 3873 1060 3950; x_wconf 61' lang='lat'><strong>213.</strong></span> <span class='ocrx_word' id='word_1_322' title='bbox 1076 3895 1106 3954; x_wconf 87' lang='grc'><strong>9.</strong></span> <span class='ocrx_word' id='word_1_323' title='bbox 1126 3894 1172 3934; x_wconf 85' lang='grc' dir='ltr'><strong>ιο.</strong></span> <span class='ocrx_word' id='word_1_324' title='bbox 1188 3895 1233 3935; x_wconf 85' lang='grc' dir='ltr'><strong>ιι.</strong></span> <span class='ocrx_word' id='word_1_325' title='bbox 1262 3877 1342 3938; x_wconf 84' lang='lat' dir='ltr'><strong>Laid.</strong></span> <span class='ocrx_word' id='word_1_326' title='bbox 1353 3900 1380 3945; x_wconf 85' lang='lat' dir='ltr'><strong>a.</strong></span> <span class='ocrx_word' id='word_1_327' title='bbox 1400 3900 1459 3942; x_wconf 75' lang='lat' dir='ltr'><strong>sue</strong></span> <span class='ocrx_word' id='word_1_328' title='bbox 1476 3883 1687 3965; x_wconf 63' lang='lat' dir='ltr'><strong>latmorumque</strong></span> <span class='ocrx_word' id='word_1_329' title='bbox 1705 3887 1808 3948; x_wconf 80' lang='lat' dir='ltr'><strong>cctatt&#39;s.</strong></span> <span class='ocrx_word' id='word_1_330' title='bbox 1826 3890 1867 3948; x_wconf 77' lang='lat' dir='ltr'><strong>tic</strong></span> <span class='ocrx_word' id='word_1_331' title='bbox 1886 3893 1974 3972; x_wconf 84' lang='lat' dir='ltr'><strong>longe</strong></span> 
     </span>
     <span class='ocr_line' id='line_1_30' title="bbox 574 3976 2003 4071; baseline 0.01 -33"><span class='ocrx_word' id='word_1_332' title='bbox 574 3978 943 4061; x_wconf 78' lang='lat' dir='ltr'><strong>plurimiGodd.suceq1oe</strong></span> <span class='ocrx_word' id='word_1_333' title='bbox 958 3985 985 4038; x_wconf 83' lang='lat' dir='ltr'><strong>et</strong></span> <span class='ocrx_word' id='word_1_334' title='bbox 1005 3976 1054 4036; x_wconf 75' lang='lat' dir='ltr'><strong>ld.</strong></span> <span class='ocrx_word' id='word_1_335' title='bbox 1080 3977 1146 4040; x_wconf 81' lang='lat' dir='ltr'><strong>Riv.</strong></span> <span class='ocrx_word' id='word_1_336' title='bbox 1166 3997 1200 4038; x_wconf 83' lang='lat' dir='ltr'><strong>ex</strong></span> <span class='ocrx_word' id='word_1_337' title='bbox 1216 3981 1274 4038; x_wconf 79' lang='lat' dir='ltr'><strong>suia</strong></span> <span class='ocrx_word' id='word_1_338' title='bbox 1288 3979 1384 4048; x_wconf 86' lang='lat' dir='ltr'><strong>Codd.</strong></span> <span class='ocrx_word' id='word_1_339' title='bbox 1407 4005 1474 4046; x_wconf 85' lang='lat' dir='ltr'><strong>eum</strong></span> <span class='ocrx_word' id='word_1_340' title='bbox 1498 3989 1830 4071; x_wconf 22' lang='lat' dir='ltr'><strong>sequuntursGruterus,</strong></span> <span class='ocrx_word' id='word_1_341' title='bbox 1852 3991 1953 4064; x_wconf 75' lang='lat' dir='ltr'><strong>Parcus</strong></span> <span class='ocrx_word' id='word_1_342' title='bbox 1961 4035 1974 4066; x_wconf 91' lang='lat'><strong>,</strong></span> <span class='ocrx_word' id='word_1_343' title='bbox 2000 4033 2003 4038; x_wconf 89' lang='lat'>·</span> 
     </span>
     <span class='ocr_line' id='line_1_31' title="bbox 575 4079 1973 4174; baseline 0.01 -31"><span class='ocrx_word' id='word_1_344' title='bbox 575 4083 718 4157; x_wconf 82' lang='lat' dir='ltr'><strong>Wassius,</strong></span> <span class='ocrx_word' id='word_1_345' title='bbox 740 4081 873 4156; x_wconf 81' lang='lat' dir='ltr'><strong>eortius,</strong></span> <span class='ocrx_word' id='word_1_346' title='bbox 893 4081 1009 4142; x_wconf 77' lang='lat' dir='ltr'><strong>Laida.</strong></span> <span class='ocrx_word' id='word_1_347' title='bbox 1020 4079 1159 4142; x_wconf 81' lang='lat' dir='ltr'><strong>b.c.l.o.</strong></span> <span class='ocrx_word' id='word_1_348' title='bbox 1179 4102 1239 4144; x_wconf 79' lang='lat' dir='ltr'><strong>tute</strong></span> <span class='ocrx_word' id='word_1_349' title='bbox 1253 4083 1409 4148; x_wconf 79' lang='lat' dir='ltr'><strong>liberorum</strong></span> <span class='ocrx_word' id='word_1_350' title='bbox 1428 4091 1489 4150; x_wconf 85' lang='lat' dir='ltr'><strong>Bas.</strong></span> <span class='ocrx_word' id='word_1_351' title='bbox 1509 4112 1534 4158; x_wconf 90' lang='grc' dir='ltr'><strong>ι.</strong></span> <span class='ocrx_word' id='word_1_352' title='bbox 1555 4093 1606 4153; x_wconf 77' lang='lat' dir='ltr'><strong>lio.</strong></span> <span class='ocrx_word' id='word_1_353' title='bbox 1620 4114 1732 4174; x_wconf 79' lang='lat' dir='ltr'><strong>sumque</strong></span> <span class='ocrx_word' id='word_1_354' title='bbox 1748 4097 1844 4158; x_wconf 82' lang='lat' dir='ltr'><strong>Struv.</strong></span> <span class='ocrx_word' id='word_1_355' title='bbox 1864 4107 1892 4156; x_wconf 87' lang='lat' dir='ltr'><strong>ct</strong></span> <span class='ocrx_word' id='word_1_356' title='bbox 1912 4097 1973 4172; x_wconf 84' lang='lat' dir='ltr'><strong>duo</strong></span> 
     </span>
     <span class='ocr_line' id='line_1_32' title="bbox 571 4185 2000 4278; baseline 0.014 -35"><span class='ocrx_word' id='word_1_357' title='bbox 571 4185 719 4246; x_wconf 79' lang='lat' dir='ltr'><strong>aliiCort.</strong></span> <span class='ocrx_word' id='word_1_358' title='bbox 741 4187 774 4246; x_wconf 85' lang='lat' dir='ltr'><strong>in</strong></span> <span class='ocrx_word' id='word_1_359' title='bbox 789 4187 939 4268; x_wconf 77' lang='lat' dir='ltr'><strong>Iugurtha</strong></span> <span class='ocrx_word' id='word_1_360' title='bbox 950 4206 1074 4247; x_wconf 82' lang='lat' dir='ltr'><strong>accenso</strong></span> <span class='ocrx_word' id='word_1_361' title='bbox 1092 4186 1161 4248; x_wconf 83' lang='lat' dir='ltr'><strong>vin.</strong></span> <span class='ocrx_word' id='word_1_362' title='bbox 1179 4207 1207 4248; x_wconf 82' lang='lat' dir='ltr'><strong>a.</strong></span> <span class='ocrx_word' id='word_1_363' title='bbox 1226 4187 1278 4252; x_wconf 75' lang='lat' dir='ltr'><strong>dc.</strong></span> <span class='ocrx_word' id='word_1_364' title='bbox 1299 4192 1395 4260; x_wconf 79' lang='lat' dir='ltr'><strong>inca.</strong></span> <span class='ocrx_word' id='word_1_365' title='bbox 1416 4195 1535 4258; x_wconf 87' lang='lat' dir='ltr'><strong>Vrat.3.</strong></span> <span class='ocrx_word' id='word_1_366' title='bbox 1556 4196 1653 4258; x_wconf 83' lang='lat' dir='ltr'><strong>Guell.</strong></span> <span class='ocrx_word' id='word_1_367' title='bbox 1665 4200 1694 4258; x_wconf 91' lang='lat'><strong>6.</strong></span> <span class='ocrx_word' id='word_1_368' title='bbox 1710 4205 1755 4260; x_wconf 83' lang='lat' dir='ltr'><strong>ri.</strong></span> <span class='ocrx_word' id='word_1_369' title='bbox 1774 4199 1898 4274; x_wconf 68' lang='lat' dir='ltr'><strong>tems.</strong></span> <span class='ocrx_word' id='word_1_370' title='bbox 1913 4203 1971 4278; x_wconf 74' lang='lat' dir='ltr'><strong>do-¹</strong></span> <span class='ocrx_word' id='word_1_371' title='bbox 1996 4244 2000 4270; x_wconf 78' lang='grc'><strong>.</strong></span> 
     </span>
     <span class='ocr_line' id='line_1_33' title="bbox 571 4287 1969 4388; baseline 0.012 -36"><span class='ocrx_word' id='word_1_372' title='bbox 571 4287 610 4352; x_wconf 77' lang='lat' dir='ltr'><strong>lis</strong></span> <span class='ocrx_word' id='word_1_373' title='bbox 627 4289 822 4370; x_wconf 69' lang='lat' dir='ltr'><strong>uuerswissct.</strong></span> <span class='ocrx_word' id='word_1_374' title='bbox 850 4291 925 4356; x_wconf 85' lang='lat' dir='ltr'><strong>dolis</strong></span> <span class='ocrx_word' id='word_1_375' title='bbox 939 4291 1132 4354; x_wconf 86' lang='lat' dir='ltr'><strong>omis.Guell.</strong></span> <span class='ocrx_word' id='word_1_376' title='bbox 1145 4293 1174 4365; x_wconf 91' lang='grc'><strong>4.</strong></span> <span class='ocrx_word' id='word_1_377' title='bbox 1196 4291 1276 4360; x_wconf 81' lang='lat' dir='ltr'><strong>Vrat.</strong></span> <span class='ocrx_word' id='word_1_378' title='bbox 1289 4315 1317 4356; x_wconf 84' lang='lat' dir='ltr'><strong>a.</strong></span> <span class='ocrx_word' id='word_1_379' title='bbox 1344 4296 1425 4359; x_wconf 87' lang='lat' dir='ltr'><strong>Leid.</strong></span> <span class='ocrx_word' id='word_1_380' title='bbox 1435 4301 1455 4361; x_wconf 90' lang='lat' dir='ltr'><strong>i.</strong></span> <span class='ocrx_word' id='word_1_381' title='bbox 1482 4302 1552 4362; x_wconf 86' lang='lat' dir='ltr'><strong>dolo</strong></span> <span class='ocrx_word' id='word_1_382' title='bbox 1582 4303 1667 4364; x_wconf 79' lang='lat' dir='ltr'><strong>Bern.</strong></span> <span class='ocrx_word' id='word_1_383' title='bbox 1682 4305 1711 4364; x_wconf 89' lang='lat'><strong>3.</strong></span> <span class='ocrx_word' id='word_1_384' title='bbox 1745 4325 1786 4364; x_wconf 87' lang='lat' dir='ltr'><strong>m.</strong></span> <span class='ocrx_word' id='word_1_385' title='bbox 1796 4325 1842 4388; x_wconf 89' lang='lat' dir='ltr'><strong>pr.</strong></span> <span class='ocrx_word' id='word_1_386' title='bbox 1872 4306 1969 4370; x_wconf 78' lang='grc' dir='ltr'><strong>υἰιιοιι</strong></span> 
     </span>
     <span class='ocr_line' id='line_1_34' title="bbox 572 4392 780 4470; baseline 0.01 -16"><span class='ocrx_word' id='word_1_387' title='bbox 572 4395 657 4454; x_wconf 83' lang='lat' dir='ltr'><strong>omit.</strong></span> <span class='ocrx_word' id='word_1_388' title='bbox 678 4392 739 4456; x_wconf 84' lang='lat' dir='ltr'><strong>Bas.</strong></span> <span class='ocrx_word' id='word_1_389' title='bbox 752 4395 780 4470; x_wconf 91' lang='grc'><strong>4.</strong></span> 
     </span>
    </p>
   </div>
   <div class='ocr_carea' id='block_1_4' title="bbox 0 0 2296 5320">
    <p class='ocr_par' dir='ltr' id='par_1_4' title="bbox 0 0 2296 5320">
     <span class='ocr_line' id='line_1_35' title="bbox 0 0 2296 5320; baseline 0 6"><span class='ocrx_word' id='word_1_390' title='bbox 0 0 2296 5320; x_wconf 95' lang='lat' dir='ltr'><strong> </strong></span> 
     </span>
    </p>
   </div>
  </div>
 </body>
</html>
