4542 5318
497 417 499 420 ,
544 345 624 434 244

549 511 711 591 humani
731 509 986 588 evenisset-
1008 531 1042 604 9.
1069 505 1221 604 Quibus
1239 501 1287 582 de
1304 503 1441 580 caussis
1463 504 1611 582 Sullam
1632 505 1674 582 in
1692 504 1852 582 victoria
1873 503 1955 580 dic·

551 653 713 712 satorem
734 634 959 712 descendere
979 655 1096 734 equo,
1119 628 1191 706 uni
1216 627 1289 704 sibi
1309 627 1509 734 adsurgere
1534 630 1644 719 solla,
1669 645 1787 732 caput
1810 629 1959 732 aperire

550 759 716 834 solitum.
731 805 783 822 -
811 783 865 832 ιο.
888 754 1092 832 Daedalum
1110 779 1155 830 ex
1172 751 1299 830 Sicilia
1320 749 1535 856 profectum
1555 781 1633 858 quo
1647 751 1788 830 Minois
1811 751 1959 855 fugeret

555 883 653 958 iram
670 897 786 984 atque
803 905 899 984 opes

1007 1073 1512 1152 FRAGMENTA

827 1247 1277 1300 ιιιοιιιιιοιιοιι
1327 1245 1687 1296 astronom

660 1402 688 1448 1.
714 1375 770 1448 Ne
786 1371 1023 1448 inrumiendi
1043 1397 1095 1476 po
1120 1413 1344 1430 ------
1390 1368 1602 1445 sublicibus
1618 1385 1748 1446 cavata
1831 1409 1960 1426 -----

557 1511 649 1572 sent.
674 1541 725 1558 --
751 1513 782 1572 2.
806 1495 923 1572 Cuius
941 1495 1037 1570 duas
1058 1494 1201 1570 insulas
1219 1493 1455 1598 propinquas
1478 1491 1579 1568 inter
1598 1518 1653 1582 se,
1676 1507 1716 1568 et
1738 1491 1868 1567 decem
1886 1505 1962 1567 sta-

559 1619 669 1698 dium
689 1618 823 1720 procul
853 1645 874 1693 a
897 1617 1071 1694 Gadibus
1090 1617 1201 1706 sitas,
1228 1617 1426 1692 constabat
1450 1629 1585 1719 suopte
1606 1613 1759 1718 ingenio
1778 1613 1962 1689 alimenta

560 1741 785 1814 mortalibus
796 1741 955 1845 gignere.
968 1787 1020 1802 -
1047 1739 1379 1845 5.Seru1nbellum
1401 1738 1443 1814 in
1456 1737 1636 1843 angustiis
1654 1737 1903 1814 futurum—
1927 1743 1961 1828 4.

560 1863 624 1936 Illi
639 1864 750 1938 tertio
770 1867 1115 1966 mense'pervenere
1129 1862 1171 1937 in
1184 1865 1351 1938 Pontum
1366 1861 1491 1936 multo
1511 1861 1669 1936 celerius
1684 1887 1749 1964 spe
1759 1859 1964 1934 Mithrida-

563 1985 618 2058 tis.
628 2027 678 2048 -·
691 1985 722 2059 5.
737 1987 837 2088 Ergo
857 1985 978 2071 senati
995 1985 1146 2059 decreto
1161 1985 1459 2059 serviundumne
1474 1985 1530 2058 sit
1545 2031 1597 2045 -
1620 1987 1653 2058 6.
1665 1985 1864 2086 Pompeius
1887 1981 1962 2056 oris

562 2105 749 2209 improbi,
771 2105 977 2208 animoque
997 2105 1325 2182 inverecundo-
1351 2135 1383 2204 7.
1395 2106 1586 2180 Simulans
1602 2105 1675 2180 sibi
1686 2105 1815 2188 alvum
1826 2131 1964 2209 pinga-

563 2229 605 2302 ri.
622 2275 674 2292 -
699 2234 731 2304 8.
758 2228 864 2304 Fecit
882 2245 928 2304 ut
946 2228 1099 2303 nunciis
1120 2227 1319 2305 confestim
1338 2229 1572 2334 lugubribus.
1584 2273 1636 2292 ·-
1660 2253 1693 2324 9
1713 2229 1966 2319 Communem

563 2351 742 2427 habitum
765 2353 1018 2454 transgressus.
1043 2396 1095 2412 -··
1124 2377 1177 2426 ιο.
1202 2354 1309 2426 Inter
1328 2377 1434 2426 arma
1457 2353 1584 2428 civilia
1605 2351 1706 2454 uetpii
1729 2351 1823 2428 boni
1844 2351 1964 2426 famas

564 2475 668 2576 petit.
695 2517 743 2532 —
785 2501 839 2549 ιι.
862 2473 979 2548 Haud
1004 2474 1165 2576 impigre
1190 2499 1315 2576 neque
1336 2475 1482 2552 inultus
1511 2475 1708 2551 occiditur.
1743 2519 1782 2538 -
1817 2501 1871 2548 12.
1897 2477 1967 2548 Fe-

563 2595 794 2672 stinantibus
812 2596 856 2672 in
872 2621 1020 2672 summa
1040 2597 1172 2702 inopia
1194 2598 1376 2701 patribus
1400 2647 1453 2661 -
1480 2605 1533 2674 ιδ.
1560 2599 1692 2674 Hostes
1713 2597 1967 2703 oppressione

563 2718 680 2821 elapsi
700 2718 836 2795 forent
859 2763 911 2782 -
953 2727 1006 2813 ι4.
1031 2720 1251 2796 Exercitum
1273 2737 1429 2826 argento
1455 2721 1552 2796 fecit.
1584 2769 1611 2786 -·
1656 2721 1709 2798 15.
1734 2725 1875 2827 Togam
1898 2748 1965 2824 pa-

564 2841 788 2919 ludamento
805 2845 976 2918 mutavit
1002 2893 1054 2912 -
1082 2845 1137 2917 ι6.
1165 2843 1227 2917 lbi
1242 2845 1410 2919 triennio
1433 2844 1574 2919 fnistra
1609 2845 1708 2920 trito.
1828 2935 1830 2944 Α

790 3125 795 3138 .
863 3065 994 3140 Oratio
1021 3063 1059 3136 C.
1087 3065 1208 3140 Cottoe
1233 3067 1400 3142 Consulis
1429 3065 1481 3140 ad
1502 3069 1693 3166 Populum.

645 3238 698 3308 ¹7·
719 3210 907 3306 Quirites,
927 3211 1050 3285 multa
1071 3211 1170 3285 mihi
1184 3214 1355 3316 pericula
1374 3213 1479 3288 domi
1492 3205 1732 3318 militiasque,
1756 3211 1879 3288 multa
1897 3209 1965 3303 ad-

565 3357 672 3407 vorsa
693 3333 799 3408 fuere
816 3367 823 3408 :
847 3361 1015 3437 quorum
1036 3335 1111 3409 alia
1138 3335 1312 3426 toleravi,
1333 3336 1475 3439 partim
1495 3337 1621 3442 repuli
1635 3337 1796 3412 deorum
1815 3331 1967 3411 auxiliis

564 3471 603 3528 et
623 3455 765 3529 virtute
787 3483 900 3530 mea:
926 3457 968 3534 in
992 3459 1077 3560 quis
1110 3457 1288 3568 omnibus
1316 3485 1442 3562 neque
1473 3461 1624 3536 animus
1658 3457 1810 3564 negotio
1842 3455 1966 3532 defuit

563 3626 595 3683 in
610 3623 688 3685 Edd.
700 3623 837 3689 Aldllas.
854 3623 961 3684 Color.
973 3617 1138 3692 Putscb.-
1158 3629 1187 3688 8.
1200 3628 1235 3688 C.
1245 3633 1289 3691 Fr.
1309 3629 1479 3691 suesurs.—
1499 3653 1528 3711 9.
1548 3633 1588 3691 ito
1601 3631 1638 3692 C.
1651 3637 1696 3694 Fr.
1717 3633 1885 3711 adsurgcre.
1914 3629 1966 3690 sed

563 3728 596 3788 ιἰι
610 3727 735 3790 victorio
753 3749 814 3788 om.
832 3727 911 3788 Non.
926 3727 962 3800 4,
976 3728 1004 3786 5.
1025 3729 1080 3786 uni
1087 3749 1148 3789 om.
1169 3751 1241 3810 equo
1260 3735 1596 3815 duesndsrsetsurgers
1607 3737 1724 3798 dessllo
1737 3733 1964 3806 habeuideml,

563 3833 632 3903 430.
653 3833 723 3896 sallo
735 3851 853 3914 surgere
865 3833 919 3892 cfr.
931 3835 1010 3894 Serv.
1025 3830 1064 3890 ad
1074 3829 1182 3909 Aeno,
1201 3855 1267 3895 ιιι.
1280 3833 1354 3896 Aen.
1367 3841 1400 3912 3,
1417 3839 1484 3900 206.
1496 3877 1538 3892 -
1561 3861 1608 3902 ιο.
1620 3841 1713 3902 Prisc.
1731 3840 1766 3915 6,
1785 3841 1822 3901 13
1828 3879 1838 3911 ‚
1854 3839 1923 3900 265.

825 4051 830 4059 ·
944 4021 1147 4078 Frsoursrl
1174 4035 1400 4110 ιιιοιιιοιιιιι
1427 4041 1610 4106 ιιιιοιιιιι.

622 4164 648 4206 ι.
668 4141 741 4207 Fest.
762 4163 784 4203 s.
796 4167 824 4209 r.
844 4144 1006 4210 sublicium.
1026 4179 1068 4195 -·
1090 4167 1118 4207 a.
1130 4145 1209 4208 Non.
1222 4171 1259 4229 9,
1276 4171 1304 4212 ι.
1322 4127 1392 4212 sitas
1402 4172 1459 4234 pro
1470 4143 1558 4228 sotis,
1576 4153 1656 4236 quod
1674 4156 1794 4243 legitur,
1811 4151 1961 4214 scarrio-

495 4339 497 4342 .
561 4266 599 4308 ns
615 4257 776 4310 correctum
792 4260 842 4317 est.
863 4249 944 4316 bunc
956 4255 1056 4316 locum
1069 4254 1121 4320 alii
1132 4253 1192 4315 alio
1205 4251 1292 4316 libro.
1302 4274 1330 4318 ιι
1341 4296 1353 4332 ,
1364 4275 1417 4332 ιιι,
1430 4277 1477 4334 ιιι,
1488 4277 1522 4335 ι,
1535 4278 1573 4320 ιιι.
1591 4259 1769 4322 adscribunt.
1778 4291 1820 4307 -
1840 4256 1869 4318 3.
1880 4255 1960 4320 Serv.
