4582 5320
604 421 655 496 66

605 599 798 703 opulentis
826 595 997 702 regibus:
1024 596 1080 671 ‘ad
1100 591 1175 670 hoc
1201 619 1299 698 saepe
1326 592 1491 670 fortunae
1519 591 1742 668 violentiam
1773 593 2009 670 toleravisse:

603 713 787 788 facundia
809 711 977 801 Graecos,
1003 711 1122 816 glorio
1144 710 1236 786 belli
1258 709 1391 784 Gallos
1406 724 1496 784 ante
1510 709 1699 784 Romanos
1719 709 1840 786 fuisse.
1868 713 1920 786 Ac
1937 711 2009 784 mi·

604 826 647 902 hi
665 829 786 904 multa
807 828 968 933 agitanti
987 826 1199 916 constabat,
1224 852 1440 930 paucorum
1457 824 1600 901 civium
1622 825 1807 930 egregiam
1827 825 2009 901 virtutem

605 960 743 1018 cuncta
769 943 993 1047 patravisse3
1017 968 1140 1046 eoque
1163 941 1327 1032 factum,
1361 941 1420 1016 uti
1448 940 1599 1017 divitias
1619 957 1844 1044 paupertas,
1877 940 2010 1016 multi-

605 1059 779 1134 tudinem
801 1060 974 1164 paucitas
994 1072 1205 1162 superaret.
1238 1057 1311 1133 Sed
1330 1073 1533 1160 postquam
1552 1056 1647 1132 luxu
1668 1073 1783 1160 atque
1796 1057 1938 1133 desidia
1958 1058 2009 1132 ci-

602 1173 697 1248 vitas
715 1193 895 1281 corrupta
920 1191 994 1268 est3
1019 1199 1149 1250 rursus
1183 1172 1396 1278 respublica
1426 1170 1693 1278 magnitudine
1714 1197 1782 1246 sua
1805 1173 2011 1275 imperato·

604 1316 692 1364 rum
717 1306 833 1394 atque
850 1291 1142 1396 magistratuum
1166 1287 1258 1366 vitia
1282 1289 1537 1382 sustentabat3
1560 1313 1628 1378 ac,
1656 1287 1768 1364 sicuti
1788 1287 1915 1363 elloeta
1942 1313 2009 1392 pa·

604 1421 776 1496 rentum,
807 1405 939 1480 multis
971 1403 1254 1508 tempestatibus
1280 1401 1389 1478 baud
1421 1429 1511 1478 sane
1543 1402 1748 1505 quisquam
1771 1403 1900 1478 Romae
1932 1404 2009 1478 vir-

604 1537 687 1594 tute
712 1546 871 1625 magnus
906 1519 990 1594 fuit
1049 1517 1127 1594 Sed
1161 1518 1344 1595 memoria
1379 1545 1463 1593 mea
1494 1518 1640 1623 ingenti
1676 1515 1847 1608 virtute,
1885 1517 2010 1594 divor·

453 1629 463 1638 ’
504 1717 507 1724 ,
603 1635 651 1708 sis
684 1636 854 1710 moribus
885 1635 992 1718 linere
1024 1634 1097 1710 viri
1133 1632 1231 1724 duo,
1255 1634 1305 1706 Μ.
1333 1635 1426 1708 Cato
1450 1649 1488 1707 et
1515 1635 1552 1708 G
1584 1635 1734 1707 Caesar:
1766 1658 1884 1735 quos,
1914 1655 2014 1736 quo·

605 1749 711 1824 niam
733 1775 789 1824 res
811 1748 1019 1838 obtulerat,
1044 1747 1196 1824 silentio
1219 1747 1428 1852 praeterire,
1462 1773 1543 1821 non
1569 1746 1645 1821 fuit
1665 1747 1889 1838 consilium,
1913 1748 2010 1850 quin

604 1865 807 1966 utriusque
828 1879 1010 1940 naturam
1030 1879 1221 1952 amores,
1247 1879 1440 1965 quantum
1458 1862 1611 1966 ingenio
1628 1887 1786 1965 possem,
1812 1864 2009 1968 aperirem.

557 2005 593 2076 54
606 1979 729 2082 Igitur
744 1978 806 2050 his
826 2003 963 2081 genus,
989 1993 1095 2066 aetas,
1119 1977 1337 2079 eloquentia
1364 2003 1484 2081 prope
1510 1978 1672 2080 oequalia
1704 1977 1834 2054 fuere:
1862 1979 2009 2084 magni-

608 2091 701 2167 tudo
724 2091 844 2165 nnimi
862 2119 951 2196 par,
968 2093 1060 2166 item
1086 2091 1206 2196 gloria
1220 2125 1229 2184 ;
1243 2093 1307 2168 sed
1323 2093 1398 2167 alia
1419 2092 1495 2166 alii.
1535 2095 1656 2168 Caesar
1679 2091 1872 2170 benefic-iis
1894 2112 2009 2198 atque

607 2205 872 2290 munificentia
892 2231 1051 2311 magnus
1072 2205 1305 2302 hebebatur3
1329 2206 1545 2312 integritate
1568 2207 1655 2282 vitae
1667 2211 1768 2283 Cato.
1815 2208 1888 2284 Ille
1902 2237 2016 2286 man·-

607 2321 809 2397 suetudine
828 2339 867 2396 e't
886 2323 1145 2398 misericordia
1165 2323 1291 2398 clarus
1310 2322 1449 2415 factus3
1473 2320 1567 2396 huic
1591 2323 1764 2398 severitas
1784 2323 2009 2428 dignitatem

608 2437 815 2512 addiderat.
853 2441 975 2522 Caesar
989 2437 1138 2527 dando,
1162 2437 1414 2527 sublevando,
1435 2437 1682 2542 ignoscend03
1695 2441 1789 2514 Cato
1810 2439 1911 2515 nihil
1933 2440 2007 2516 lar-

608 2560 752 2664 giundo
771 2561 931 2666 gloriam
951 2561 1111 2666 adeptus
1135 2575 1197 2636 cst.
1234 2563 1281 2640 In
1299 2561 1419 2636 altero
1444 2560 1588 2636 miseris
1609 2561 1854 2667 perfugium
1887 2564 1929 2640 in
1954 2565 2009 2640 al-

609 2675 689 2762 tero
710 2685 819 2770 malis
839 2685 1048 2788 pernicies3
1073 2685 1176 2761 illius
1195 2683 1357 2760 facilitas
1382 2683 1500 2760 buius
1528 2701 1742 2760 constantia
1769 2686 2013 2768 laudabatur·

599 2809 797 2884 =Postremo
820 2811 942 2883 Cesar
963 2809 1005 2884 in
1023 2807 1199 2888 animum
1222 2807 1425 2886 induxerat
1442 2807 1635 2898 laborare,
1653 2809 1837 2913 vigilares
1852 2814 2009 2916 negotiis

607 2983 669 3044 Bas.
686 3005 714 3045 2.
727 2985 755 3046 3.
777 2985 873 3051 Guell.
885 3009 915 3069 7.
926 2988 955 3048 8.
971 3007 1016 3050 ιο.
1037 2985 1159 3047 Leia-h.
1171 3009 1197 3048 c.
1210 2987 1230 3046 1.
1242 2983 1379 3049 1.,Βο1ιι.
1397 3005 1424 3046 2.
1441 2987 1580 3068 populum
1601 2985 1770 3048 Βοιηαηωη
1786 2965 1884 3069 parva.
1909 2988 2009 3055 Bam.

608 3089 887 3173 Guell.fi.7.8.12.
909 3101 963 3152 tres
975 3091 1079 3153 Wassii
1093 3092 1171 3151 libri.
1204 3100 1361 3172 superasset
1393 3090 1570 3156 creatus.
1599 3092 1725 3152 Remo.
1748 3093 1846 3155 Turio.
1864 3115 1890 3154 ι.
1919 3095 2010 3156 veluti

608 3195 714 3282 effoeto
738 3197 823 3256 Paris.
837 3219 863 3256 a.
875 3199 966 3273 suere
979 3191 1083 3262 morab.
1105 3195 1190 3256 Febr.
1203 3215 1231 3254 2.
1246 3196 1338 3272 scara
1350 3213 1412 3260 om·
1432 3194 1499 3256 Ere.
1520 3195 1627 3258 debarai
1639 3197 1855 3262 morttnsn.
1868 3219 1896 3259 a.
1906 3199 2023 3266 Heus..

610 3300 668 3358 viri
688 3301 765 3363 delet
778 3301 876 3362 Guell.
892 3304 918 3362 5.·
936 3322 1052 3382 possum
1067 3321 1114 3382 up.
1135 3299 1204 3384 Τις.

695 3425 770 3508 Cap.
788 3431 835 3499 51.
867 3430 960 3508 benet}
973 3451 1011 3490 oo
1027 3449 1111 3490 mure.
1129 3428 1190 3490 Bos.
1206 3451 1231 3490 ι.
1251 3428 1321 3490 Tur.
1337 3450 1362 3490 r.
1383 3428 1546 3494 11111113.
1569 3432 1673 3506 sactus
1684 3441 1725 3492 eat
1750 3429 1831 3493 leid.
1847 3433 1877 3493 b.
1892 3453 1918 3494 e.
1930 3431 1963 3494 h.
1983 3437 2010 3494 1.
2030 3445 2036 3458 ’

610 3533 672 3594 Rae.
689 3553 716 3594 a.
736 3532 822 3592 Bern.
835 3535 1012 3612 mariscot.
1033 3532 1095 3592 Bas.
1107 3533 1136 3604 Aa
1157 3535 1277 3614 adeptus
1292 3541 1332 3596 est
1353 3553 1455 3593 omnes
1475 3534 1553 3594 libri.
1580 3545 1621 3594 ert
1634 3537 1731 3616 edepl.
1752 3537 1814 3602 Bas.
1829 3538 2011 3620 11111131-

611 3661 661 3700 usn
676 3647 754 3700 erut.
771 3647 834 3697 crat
851 3658 911 3700 orn.
929 3636 1007 3696 nivii
1021 3636 1119 3702 Codd.
1144 3647 1238 3717 uterq.
1255 3635 1339 3696 Febr.
1372 3637 1456 3700 sam.
1476 3639 1543 3698 Seu.
1560 3659 1588 3698 a.
1610 3635 1710 3700 lienes.
1730 3641 1873 3707 (1111113.
1894 3643 1975 3704 Leid.
1990 3647 2011 3704 i.

609 3741 781 3824 prrfiagricm
807 3751 837 3802 et
855 3739 1003 3820 reflagiwn
1023 3742 1110 3808 multi
1127 3750 1288 3832 corrupte..
1302 3741 1382 3818 quod
1403 3741 1484 3801 bono.
1502 3741 1798 3822 digammfluelssb.
1822 3765 1867 3812 ro.
1887 3747 1969 3809 Leid.
1990 3751 2010 3810 1.

612 3849 724 3910 Fabric.
746 3847 811 3909 Rir.
832 3846 937 3906 bellum
955 3864 1062 3906 novam
1080 3843 1186 3909 Rana.
1203 3863 1229 3904 a.
1250 3841 1318 3925 Teg.
1339 3842 1409 3904 Tur.
1429 3866 1454 3904 1.
1475 3844 1559 3908 Bern.
1572 3853 1640 3912 ab.
1667 3849 1922 3930 petebulglorr'dm
1948 3853 2010 3914 llas.

616 3976 642 4018 1.
654 3959 681 4016 3.
703 3953 786 4012 illam
801 3951 971 4030 sequebatur
990 3948 1109 4030 Augtut.
1126 3947 1191 4009 cir.
1204 3947 1246 4008 Da
1262 3947 1291 4008 5.
1309 3968 1352 4009 ta.
1370 3971 1438 4034 pag.
1446 3949 1519 4022 501.
1540 3952 1594 4012 Ed.
1610 3953 1676 4015 viv.
1699 3953 1782 4013 illurn
1800 3959 2011 4036 adsequebatur

612 4055 696 4117 Febr.
712 4080 737 4123 ι.
759 4080 798 4116 m.
810 4077 875 4122 sec.
888 4055 939 4116 Ac.
962 4053 1058 4113 Guell.
1077 4075 1101 4114 r.
1117 4073 1144 4112 2.
1162 4054 1189 4112 5.
1208 4053 1275 4123 Sep.
1294 4075 1320 4118 s.
1342 4053 1465 4116 Patina.
1484 4057 1566 4118 Leid.
1579 4078 1607 4116 a.
1621 4057 1689 4120 b.c.
1705 4059 1735 4118 d.
1751 4059 1780 4118 1.
1796 4065 1816 4122 l.
1847 4061 1918 4122 Nat.
1950 4063 2008 4122 Pal.

616 4181 642 4222 a.
659 4151 686 4221 5.
705 4183 738 4222 ra
781 4183 815 4223 eo
829 4158 1136 4241 magis‘asscqrtebotur
1157 4155 1256 4222 (lodd.
1266 4177 1292 4230 ¹a
1309 4156 1448 4222 Munatio,
1463 4161 1582 4224 laudati.
1604 4162 1687 4222 illum
1699 4167 1744 4226 rel
1759 4165 1842 4225 illam
1865 4167 1917 4246 (sic
1931 4170 2010 4226 enim

613 4268 700 4332 ceteri
714 4268 827 4347 legunt)
848 4267 1008 4326 omiserunt
1018 4261 1140 4324 Merseb.
1161 4261 1220 4320 Pal.
1235 4262 1264 4321 8.
1275 4282 1305 4342 9.
1326 4262 1423 4324 Gucll.
1443 4265 1478 4326 6⁴.
1491 4265 1621 4343 glorium
1634 4270 1881 4348 remeabilem.
1905 4291 1932 4332 ι.
1957 4272 2015 4334 illu

613 4370 814 4448 assequebatur
833 4369 918 4435 Paris.
929 4366 960 4427 d.
989 4388 1053 4429 eam
1066 4366 1207 4446 cnequsb·
1237 4365 1323 4430 Laid.
1340 4369 1361 4428 1.
1375 4365 1406 4430 h.
1425 4389 1491 4430 eum
1511 4369 1573 4432 Bas.
1596 4376 1624 4436 3.
