<?xml version="1.0" encoding="UTF-8"?>
<!DOCTYPE html PUBLIC "-//W3C//DTD XHTML 1.0 Transitional//EN"
    "http://www.w3.org/TR/xhtml1/DTD/xhtml1-transitional.dtd">
<html xmlns="http://www.w3.org/1999/xhtml" xml:lang="en" lang="en">
 <head>
  <title>
</title>
<meta http-equiv="Content-Type" content="text/html;charset=utf-8" />
  <meta name='ocr-system' content='tesseract 3.04.00' />
  <meta name='ocr-capabilities' content='ocr_page ocr_carea ocr_par ocr_line ocrx_word'/>
</head>
<body>
  <div class='ocr_page' id='page_1' title='image "./ccrispisalustii02sallgoog_0170.png"; bbox 0 0 4582 5320; ppageno 0'>
   <div class='ocr_carea' id='block_1_1' title="bbox 1550 414 1616 490">
    <p class='ocr_par' dir='ltr' id='par_1_1' title="bbox 1550 414 1616 490">
     <span class='ocr_line' id='line_1_1' title="bbox 1550 414 1616 490; baseline -0.061 -24"><span class='ocrx_word' id='word_1_1' title='bbox 1550 414 1616 490; x_wconf 82' lang='lat'><strong>127</strong></span> 
     </span>
    </p>
   </div>
   <div class='ocr_carea' id='block_1_2' title="bbox 205 553 1673 2762">
    <p class='ocr_par' dir='ltr' id='par_1_2' title="bbox 205 553 1673 2762">
     <span class='ocr_line' id='line_1_2' title="bbox 207 553 1619 669; baseline 0.01 -39"><span class='ocrx_word' id='word_1_2' title='bbox 207 580 245 630; x_wconf 90' lang='lat' dir='ltr'><strong>se</strong></span> <span class='ocrx_word' id='word_1_3' title='bbox 279 553 404 632; x_wconf 82' lang='lat' dir='ltr'><strong>foedus</strong></span> <span class='ocrx_word' id='word_1_4' title='bbox 442 555 531 630; x_wconf 84' lang='lat' dir='ltr'><strong>fieri.</strong></span> <span class='ocrx_word' id='word_1_5' title='bbox 584 553 725 629; x_wconf 89' lang='lat' dir='ltr'><strong>Consul</strong></span> <span class='ocrx_word' id='word_1_6' title='bbox 754 554 1008 659; x_wconf 88' lang='lat' dir='ltr'><strong>impeditusa</strong></span> <span class='ocrx_word' id='word_1_7' title='bbox 1047 558 1212 633; x_wconf 87' lang='lat' dir='ltr'><strong>tribunis</strong></span> <span class='ocrx_word' id='word_1_8' title='bbox 1240 559 1383 662; x_wconf 76' lang='lat' dir='ltr'><strong>plebis.</strong></span> <span class='ocrx_word' id='word_1_9' title='bbox 1415 588 1482 654; x_wconf 88' lang='lat' dir='ltr'><strong>ne,</strong></span> <span class='ocrx_word' id='word_1_10' title='bbox 1524 592 1619 669; x_wconf 82' lang='lat' dir='ltr'><strong>quas</strong></span> 
     </span>
     <span class='ocr_line' id='line_1_3' title="bbox 209 679 1618 794; baseline 0.011 -42"><span class='ocrx_word' id='word_1_11' title='bbox 209 695 407 781; x_wconf 82' lang='lat' dir='ltr'><strong>paraverat</strong></span> <span class='ocrx_word' id='word_1_12' title='bbox 434 679 590 781; x_wconf 83' lang='lat' dir='ltr'><strong>copias,</strong></span> <span class='ocrx_word' id='word_1_13' title='bbox 612 704 740 753; x_wconf 91' lang='lat' dir='ltr'><strong>secum</strong></span> <span class='ocrx_word' id='word_1_14' title='bbox 758 696 942 784; x_wconf 88' lang='lat' dir='ltr'><strong>portaret,</strong></span> <span class='ocrx_word' id='word_1_15' title='bbox 968 683 1100 784; x_wconf 85' lang='lat' dir='ltr'><strong>paucis</strong></span> <span class='ocrx_word' id='word_1_16' title='bbox 1122 682 1263 758; x_wconf 89' lang='lat' dir='ltr'><strong>diebus·</strong></span> <span class='ocrx_word' id='word_1_17' title='bbox 1276 684 1318 757; x_wconf 89' lang='lat' dir='ltr'><strong>in</strong></span> <span class='ocrx_word' id='word_1_18' title='bbox 1339 685 1506 762; x_wconf 83' lang='lat' dir='ltr'><strong>Africam</strong></span> <span class='ocrx_word' id='word_1_19' title='bbox 1529 717 1618 794; x_wconf 92' lang='lat' dir='ltr'><strong>pro-</strong></span> 
     </span>
     <span class='ocr_line' id='line_1_4' title="bbox 211 801 1618 896; baseline 0.013 -22"><span class='ocrx_word' id='word_1_20' title='bbox 211 801 407 892; x_wconf 78' lang='lat' dir='ltr'><strong>ficiscitur,</strong></span> <span class='ocrx_word' id='word_1_21' title='bbox 433 829 525 876; x_wconf 86' lang='lat' dir='ltr'><strong>nam</strong></span> <span class='ocrx_word' id='word_1_22' title='bbox 547 802 670 876; x_wconf 91' lang='lat' dir='ltr'><strong>omnis</strong></span> <span class='ocrx_word' id='word_1_23' title='bbox 688 803 894 895; x_wconf 84' lang='lat' dir='ltr'><strong>exercitus,</strong></span> <span class='ocrx_word' id='word_1_24' title='bbox 920 805 979 878; x_wconf 93' lang='lat' dir='ltr'><strong>uti</strong></span> <span class='ocrx_word' id='word_1_25' title='bbox 994 809 1237 896; x_wconf 78' lang='lat' dir='ltr'><strong>convenerat,</strong></span> <span class='ocrx_word' id='word_1_26' title='bbox 1264 809 1444 885; x_wconf 86' lang='lat' dir='ltr'><strong>Numidia</strong></span> <span class='ocrx_word' id='word_1_27' title='bbox 1476 813 1618 892; x_wconf 87' lang='lat' dir='ltr'><strong>deduc-</strong></span> 
     </span>
     <span class='ocr_line' id='line_1_5' title="bbox 210 924 1618 1041; baseline 0.012 -45"><span class='ocrx_word' id='word_1_28' title='bbox 210 941 281 1016; x_wconf 88' lang='lat' dir='ltr'><strong>tus,</strong></span> <span class='ocrx_word' id='word_1_29' title='bbox 306 926 348 999; x_wconf 91' lang='lat' dir='ltr'><strong>in</strong></span> <span class='ocrx_word' id='word_1_30' title='bbox 370 925 566 1029; x_wconf 85' lang='lat' dir='ltr'><strong>provincia</strong></span> <span class='ocrx_word' id='word_1_31' title='bbox 592 924 795 1030; x_wconf 78' lang='lat' dir='ltr'><strong>hiemabat.</strong></span> <span class='ocrx_word' id='word_1_32' title='bbox 836 930 1040 1031; x_wconf 85' lang='lat' dir='ltr'><strong>Postquam</strong></span> <span class='ocrx_word' id='word_1_33' title='bbox 1064 955 1108 1004; x_wconf 89' lang='lat' dir='ltr'><strong>eo</strong></span> <span class='ocrx_word' id='word_1_34' title='bbox 1130 931 1249 1004; x_wconf 84' lang='lat' dir='ltr'><strong>venit:</strong></span> <span class='ocrx_word' id='word_1_35' title='bbox 1276 959 1512 1036; x_wconf 84' lang='lat' dir='ltr'><strong>quamquam</strong></span> <span class='ocrx_word' id='word_1_36' title='bbox 1533 963 1618 1041; x_wconf 88' lang='lat' dir='ltr'><strong>per·</strong></span> 
     </span>
     <span class='ocr_line' id='line_1_6' title="bbox 206 1047 1618 1154; baseline 0.011 -34"><span class='ocrx_word' id='word_1_37' title='bbox 206 1047 313 1150; x_wconf 82' lang='lat' dir='ltr'><strong>sequi</strong></span> <span class='ocrx_word' id='word_1_38' title='bbox 327 1047 555 1152; x_wconf 84' lang='lat' dir='ltr'><strong>Iugurtham</strong></span> <span class='ocrx_word' id='word_1_39' title='bbox 576 1065 615 1122; x_wconf 91' lang='lat' dir='ltr'><strong>et</strong></span> <span class='ocrx_word' id='word_1_40' title='bbox 636 1048 780 1123; x_wconf 89' lang='lat' dir='ltr'><strong>mederi</strong></span> <span class='ocrx_word' id='word_1_41' title='bbox 807 1050 985 1126; x_wconf 84' lang='lat' dir='ltr'><strong>fraternae</strong></span> <span class='ocrx_word' id='word_1_42' title='bbox 1013 1052 1166 1127; x_wconf 81' lang='lat' dir='ltr'><strong>invidiae</strong></span> <span class='ocrx_word' id='word_1_43' title='bbox 1201 1054 1331 1129; x_wconf 86' lang='lat' dir='ltr'><strong>animo</strong></span> <span class='ocrx_word' id='word_1_44' title='bbox 1355 1058 1534 1154; x_wconf 81' lang='lat' dir='ltr'><strong>ardebat3</strong></span> <span class='ocrx_word' id='word_1_45' title='bbox 1557 1088 1618 1136; x_wconf 89' lang='lat' dir='ltr'><strong>co·</strong></span> 
     </span>
     <span class='ocr_line' id='line_1_7' title="bbox 207 1171 1618 1280; baseline 0.011 -37"><span class='ocrx_word' id='word_1_46' title='bbox 207 1171 321 1274; x_wconf 80' lang='lat' dir='ltr'><strong>gnitis</strong></span> <span class='ocrx_word' id='word_1_47' title='bbox 336 1172 542 1262; x_wconf 83' lang='lat' dir='ltr'><strong>militibus,</strong></span> <span class='ocrx_word' id='word_1_48' title='bbox 570 1197 665 1274; x_wconf 86' lang='lat' dir='ltr'><strong>quos</strong></span> <span class='ocrx_word' id='word_1_49' title='bbox 683 1189 822 1276; x_wconf 75' lang='lat' dir='ltr'><strong>praeter</strong></span> <span class='ocrx_word' id='word_1_50' title='bbox 836 1173 988 1278; x_wconf 77' lang='lat' dir='ltr'><strong>sugam,</strong></span> <span class='ocrx_word' id='word_1_51' title='bbox 1009 1175 1134 1250; x_wconf 83' lang='lat' dir='ltr'><strong>soluto</strong></span> <span class='ocrx_word' id='word_1_52' title='bbox 1165 1177 1348 1280; x_wconf 90' lang='lat' dir='ltr'><strong>imperio,</strong></span> <span class='ocrx_word' id='word_1_53' title='bbox 1384 1181 1538 1260; x_wconf 85' lang='lat' dir='ltr'><strong>licentia</strong></span> <span class='ocrx_word' id='word_1_54' title='bbox 1561 1201 1618 1260; x_wconf 87' lang='lat' dir='ltr'><strong>at-</strong></span> 
     </span>
     <span class='ocr_line' id='line_1_8' title="bbox 208 1294 1617 1412; baseline 0.01 -43"><span class='ocrx_word' id='word_1_55' title='bbox 208 1321 283 1396; x_wconf 86' lang='lat' dir='ltr'><strong>que</strong></span> <span class='ocrx_word' id='word_1_56' title='bbox 301 1294 451 1370; x_wconf 84' lang='lat' dir='ltr'><strong>lascivia</strong></span> <span class='ocrx_word' id='word_1_57' title='bbox 484 1312 725 1398; x_wconf 83' lang='lat' dir='ltr'>corruperat,</span> <span class='ocrx_word' id='word_1_58' title='bbox 751 1322 796 1370; x_wconf 83' lang='lat' dir='ltr'><strong>ex</strong></span> <span class='ocrx_word' id='word_1_59' title='bbox 815 1298 924 1399; x_wconf 89' lang='lat' dir='ltr'><strong>copia</strong></span> <span class='ocrx_word' id='word_1_60' title='bbox 945 1325 1074 1372; x_wconf 91' lang='lat' dir='ltr'><strong>rerum</strong></span> <span class='ocrx_word' id='word_1_61' title='bbox 1101 1301 1235 1395; x_wconf 83' lang='lat' dir='ltr'><strong>statuit</strong></span> <span class='ocrx_word' id='word_1_62' title='bbox 1250 1301 1322 1376; x_wconf 90' lang='lat' dir='ltr'><strong>sibi</strong></span> <span class='ocrx_word' id='word_1_63' title='bbox 1347 1303 1447 1379; x_wconf 91' lang='lat' dir='ltr'><strong>nihil</strong></span> <span class='ocrx_word' id='word_1_64' title='bbox 1470 1307 1617 1412; x_wconf 78' lang='lat' dir='ltr'><strong>agitan-</strong></span> 
     </span>
     <span class='ocr_line' id='line_1_9' title="bbox 206 1419 1666 1534; baseline 0.008 -43"><span class='ocrx_word' id='word_1_65' title='bbox 206 1419 309 1492; x_wconf 89' lang='lat' dir='ltr'><strong>dum.</strong></span> <span class='ocrx_word' id='word_1_66' title='bbox 360 1419 519 1496; x_wconf 87' lang='lat' dir='ltr'><strong>Interim</strong></span> <span class='ocrx_word' id='word_1_67' title='bbox 558 1423 686 1494; x_wconf 83' lang='lat' dir='ltr'><strong>Romoe</strong></span> <span class='ocrx_word' id='word_1_68' title='bbox 724 1422 761 1496; x_wconf 81' lang='lat' dir='ltr'>C</span> <span class='ocrx_word' id='word_1_69' title='bbox 804 1421 998 1522; x_wconf 84' lang='lat' dir='ltr'><strong>Mamilius</strong></span> <span class='ocrx_word' id='word_1_70' title='bbox 1032 1423 1251 1498; x_wconf 84' lang='lat' dir='ltr'><strong>Limetanus</strong></span> <span class='ocrx_word' id='word_1_71' title='bbox 1285 1427 1463 1504; x_wconf 89' lang='lat' dir='ltr'><strong>tribunus</strong></span> <span class='ocrx_word' id='word_1_72' title='bbox 1493 1429 1666 1534; x_wconf 79' lang='lat' dir='ltr'><strong>plebisto</strong></span> 
     </span>
     <span class='ocr_line' id='line_1_10' title="bbox 207 1542 1616 1657; baseline 0.012 -43"><span class='ocrx_word' id='word_1_73' title='bbox 207 1542 441 1646; x_wconf 83' lang='lat' dir='ltr'><strong>rogationem</strong></span> <span class='ocrx_word' id='word_1_74' title='bbox 467 1543 517 1618; x_wconf 92' lang='lat' dir='ltr'><strong>ad</strong></span> <span class='ocrx_word' id='word_1_75' title='bbox 539 1544 730 1648; x_wconf 88' lang='lat' dir='ltr'><strong>populum</strong></span> <span class='ocrx_word' id='word_1_76' title='bbox 752 1545 991 1648; x_wconf 82' lang='lat' dir='ltr'><strong>promulgat,</strong></span> <span class='ocrx_word' id='word_1_77' title='bbox 1016 1547 1075 1621; x_wconf 91' lang='lat' dir='ltr'><strong>uti</strong></span> <span class='ocrx_word' id='word_1_78' title='bbox 1100 1564 1335 1648; x_wconf 83' lang='lat' dir='ltr'><strong>quaereretur</strong></span> <span class='ocrx_word' id='word_1_79' title='bbox 1357 1552 1490 1644; x_wconf 89' lang='lat' dir='ltr'><strong>ineos,</strong></span> <span class='ocrx_word' id='word_1_80' title='bbox 1522 1581 1616 1657; x_wconf 88' lang='lat' dir='ltr'><strong>quo·</strong></span> 
     </span>
     <span class='ocr_line' id='line_1_11' title="bbox 207 1667 1622 1776; baseline 0.01 -36"><span class='ocrx_word' id='word_1_81' title='bbox 207 1693 295 1762; x_wconf 86' lang='lat' dir='ltr'><strong>rum</strong></span> <span class='ocrx_word' id='word_1_82' title='bbox 314 1667 472 1742; x_wconf 89' lang='lat' dir='ltr'><strong>consilio</strong></span> <span class='ocrx_word' id='word_1_83' title='bbox 492 1667 679 1772; x_wconf 82' lang='lat' dir='ltr'><strong>Iugurtha</strong></span> <span class='ocrx_word' id='word_1_84' title='bbox 697 1667 824 1743; x_wconf 86' lang='lat' dir='ltr'><strong>Senati</strong></span> <span class='ocrx_word' id='word_1_85' title='bbox 849 1669 998 1744; x_wconf 89' lang='lat' dir='ltr'><strong>decreta</strong></span> <span class='ocrx_word' id='word_1_86' title='bbox 1022 1670 1254 1775; x_wconf 81' lang='lat' dir='ltr'><strong>neglegisset3</strong></span> <span class='ocrx_word' id='word_1_87' title='bbox 1278 1675 1422 1776; x_wconf 88' lang='lat' dir='ltr'><strong>quique</strong></span> <span class='ocrx_word' id='word_1_88' title='bbox 1441 1677 1490 1752; x_wconf 92' lang='lat' dir='ltr'><strong>ab</strong></span> <span class='ocrx_word' id='word_1_89' title='bbox 1509 1703 1553 1753; x_wconf 91' lang='lat' dir='ltr'><strong>eo</strong></span> <span class='ocrx_word' id='word_1_90' title='bbox 1573 1679 1622 1754; x_wconf 85' lang='lat' dir='ltr'><strong>in&#39;</strong></span> 
     </span>
     <span class='ocr_line' id='line_1_12' title="bbox 208 1789 1617 1902; baseline 0.012 -42"><span class='ocrx_word' id='word_1_91' title='bbox 208 1789 460 1892; x_wconf 81' lang='lat' dir='ltr'><strong>legationibus</strong></span> <span class='ocrx_word' id='word_1_92' title='bbox 493 1807 562 1882; x_wconf 90' lang='lat' dir='ltr'><strong>aut</strong></span> <span class='ocrx_word' id='word_1_93' title='bbox 600 1791 768 1894; x_wconf 89' lang='lat' dir='ltr'><strong>imperiis</strong></span> <span class='ocrx_word' id='word_1_94' title='bbox 798 1793 979 1895; x_wconf 88' lang='lat' dir='ltr'><strong>pecunias</strong></span> <span class='ocrx_word' id='word_1_95' title='bbox 1008 1795 1254 1897; x_wconf 87' lang='lat' dir='ltr'><strong>accepissent;</strong></span> <span class='ocrx_word' id='word_1_96' title='bbox 1287 1797 1354 1899; x_wconf 87' lang='lat' dir='ltr'><strong>qui</strong></span> <span class='ocrx_word' id='word_1_97' title='bbox 1373 1798 1617 1902; x_wconf 88' lang='lat' dir='ltr'><strong>elephantos,</strong></span> 
     </span>
     <span class='ocr_line' id='line_1_13' title="bbox 207 1913 1618 2021; baseline 0.01 -35"><span class='ocrx_word' id='word_1_98' title='bbox 207 1913 353 2016; x_wconf 85' lang='lat' dir='ltr'><strong>quique</strong></span> <span class='ocrx_word' id='word_1_99' title='bbox 374 1913 550 2018; x_wconf 79' lang='lat' dir='ltr'><strong>perfugas</strong></span> <span class='ocrx_word' id='word_1_100' title='bbox 569 1915 827 2010; x_wconf 83' lang='lat' dir='ltr'><strong>tradidissent3</strong></span> <span class='ocrx_word' id='word_1_101' title='bbox 853 1915 966 2007; x_wconf 89' lang='lat' dir='ltr'><strong>item,</strong></span> <span class='ocrx_word' id='word_1_102' title='bbox 994 1917 1135 2019; x_wconf 87' lang='lat' dir='ltr'><strong>quide</strong></span> <span class='ocrx_word' id='word_1_103' title='bbox 1171 1945 1264 2021; x_wconf 89' lang='lat' dir='ltr'><strong>pace</strong></span> <span class='ocrx_word' id='word_1_104' title='bbox 1297 1935 1366 1994; x_wconf 90' lang='lat' dir='ltr'><strong>aut</strong></span> <span class='ocrx_word' id='word_1_105' title='bbox 1381 1921 1495 1997; x_wconf 50' lang='lat' dir='ltr'><strong>¹bello</strong></span> <span class='ocrx_word' id='word_1_106' title='bbox 1526 1951 1618 2000; x_wconf 89' lang='lat' dir='ltr'><strong>cum</strong></span> 
     </span>
     <span class='ocr_line' id='line_1_14' title="bbox 206 2033 1621 2145; baseline 0.011 -37"><span class='ocrx_word' id='word_1_107' title='bbox 206 2033 376 2112; x_wconf 84' lang='lat' dir='ltr'><strong>hostibus</strong></span> <span class='ocrx_word' id='word_1_108' title='bbox 398 2037 592 2140; x_wconf 86' lang='lat' dir='ltr'><strong>pactiones</strong></span> <span class='ocrx_word' id='word_1_109' title='bbox 613 2036 796 2113; x_wconf 84' lang='lat' dir='ltr'><strong>fecissent.</strong></span> <span class='ocrx_word' id='word_1_110' title='bbox 844 2041 947 2114; x_wconf 91' lang='lat' dir='ltr'><strong>Huic</strong></span> <span class='ocrx_word' id='word_1_111' title='bbox 971 2040 1159 2145; x_wconf 78' lang='lat' dir='ltr'><strong>rogationi</strong></span> <span class='ocrx_word' id='word_1_112' title='bbox 1184 2042 1327 2144; x_wconf 89' lang='lat' dir='ltr'><strong>partim</strong></span> <span class='ocrx_word' id='word_1_113' title='bbox 1360 2047 1501 2120; x_wconf 90' lang='lat' dir='ltr'><strong>conscii</strong></span> <span class='ocrx_word' id='word_1_114' title='bbox 1523 2047 1621 2139; x_wconf 85' lang='lat' dir='ltr'><strong>sibi,</strong></span> 
     </span>
     <span class='ocr_line' id='line_1_15' title="bbox 207 2159 1665 2271; baseline 0.009 -37"><span class='ocrx_word' id='word_1_115' title='bbox 207 2159 273 2234; x_wconf 89' lang='lat' dir='ltr'><strong>alii</strong></span> <span class='ocrx_word' id='word_1_116' title='bbox 293 2187 339 2234; x_wconf 84' lang='lat' dir='ltr'><strong>ex</strong></span> <span class='ocrx_word' id='word_1_117' title='bbox 360 2160 530 2264; x_wconf 90' lang='lat' dir='ltr'><strong>partium</strong></span> <span class='ocrx_word' id='word_1_118' title='bbox 550 2161 694 2236; x_wconf 84' lang='lat' dir='ltr'><strong>invidia</strong></span> <span class='ocrx_word' id='word_1_119' title='bbox 714 2162 885 2267; x_wconf 88' lang='lat' dir='ltr'><strong>pericula</strong></span> <span class='ocrx_word' id='word_1_120' title='bbox 902 2180 1138 2255; x_wconf 82' lang='lat' dir='ltr'><strong>metuentes,</strong></span> <span class='ocrx_word' id='word_1_121' title='bbox 1156 2165 1342 2266; x_wconf 87' lang='lat' dir='ltr'><strong>quoniam</strong></span> <span class='ocrx_word' id='word_1_122' title='bbox 1367 2185 1496 2271; x_wconf 84' lang='lat' dir='ltr'><strong>aperte</strong></span> <span class='ocrx_word' id='word_1_123' title='bbox 1513 2172 1620 2246; x_wconf 88' lang='lat' dir='ltr'><strong>resis-</strong></span> <span class='ocrx_word' id='word_1_124' title='bbox 1659 2224 1665 2262; x_wconf 52' lang='lat'><em>2</em></span> 
     </span>
     <span class='ocr_line' id='line_1_16' title="bbox 208 2285 1618 2390; baseline 0.006 -30"><span class='ocrx_word' id='word_1_125' title='bbox 208 2299 285 2360; x_wconf 88' lang='lat' dir='ltr'><strong>tere</strong></span> <span class='ocrx_word' id='word_1_126' title='bbox 310 2311 390 2359; x_wconf 91' lang='lat' dir='ltr'><strong>non</strong></span> <span class='ocrx_word' id='word_1_127' title='bbox 417 2300 617 2389; x_wconf 84' lang='lat' dir='ltr'><strong>poterant,</strong></span> <span class='ocrx_word' id='word_1_128' title='bbox 641 2285 739 2388; x_wconf 89' lang='lat' dir='ltr'><strong>quin</strong></span> <span class='ocrx_word' id='word_1_129' title='bbox 762 2285 828 2360; x_wconf 90' lang='lat' dir='ltr'><strong>illa</strong></span> <span class='ocrx_word' id='word_1_130' title='bbox 850 2287 982 2362; x_wconf 83' lang='lat' dir='ltr'><strong>et&#39;alia</strong></span> <span class='ocrx_word' id='word_1_131' title='bbox 1000 2286 1092 2360; x_wconf 89' lang='lat' dir='ltr'><strong>talia</strong></span> <span class='ocrx_word' id='word_1_132' title='bbox 1114 2287 1268 2390; x_wconf 89' lang='lat' dir='ltr'><strong>placere</strong></span> <span class='ocrx_word' id='word_1_133' title='bbox 1294 2290 1366 2364; x_wconf 83' lang='lat' dir='ltr'><strong>sibi</strong></span> <span class='ocrx_word' id='word_1_134' title='bbox 1385 2290 1596 2368; x_wconf 82' lang='lat' dir='ltr'><strong>faterentur</strong></span> <span class='ocrx_word' id='word_1_135' title='bbox 1604 2327 1618 2388; x_wconf 68' lang='grc' dir='ltr'><strong><em>ς</em></strong></span> 
     </span>
     <span class='ocr_line' id='line_1_17' title="bbox 206 2406 1617 2513; baseline 0.009 -33"><span class='ocrx_word' id='word_1_136' title='bbox 206 2406 355 2483; x_wconf 87' lang='lat' dir='ltr'><strong>occulte</strong></span> <span class='ocrx_word' id='word_1_137' title='bbox 378 2435 447 2511; x_wconf 89' lang='lat' dir='ltr'><strong>per</strong></span> <span class='ocrx_word' id='word_1_138' title='bbox 473 2407 641 2498; x_wconf 88' lang='lat' dir='ltr'><strong>amicos,</strong></span> <span class='ocrx_word' id='word_1_139' title='bbox 669 2435 715 2482; x_wconf 91' lang='lat' dir='ltr'><strong>ac</strong></span> <span class='ocrx_word' id='word_1_140' title='bbox 736 2435 914 2484; x_wconf 80' lang='lat' dir='ltr'><strong>maxume</strong></span> <span class='ocrx_word' id='word_1_141' title='bbox 938 2437 1008 2513; x_wconf 90' lang='lat' dir='ltr'><strong>per</strong></span> <span class='ocrx_word' id='word_1_142' title='bbox 1035 2409 1209 2486; x_wconf 89' lang='lat' dir='ltr'><strong>homines</strong></span> <span class='ocrx_word' id='word_1_143' title='bbox 1231 2413 1399 2487; x_wconf 87' lang='lat' dir='ltr'><strong>nominis</strong></span> <span class='ocrx_word' id='word_1_144' title='bbox 1424 2415 1553 2490; x_wconf 87' lang='lat' dir='ltr'><strong>Latini</strong></span> <span class='ocrx_word' id='word_1_145' title='bbox 1578 2429 1617 2493; x_wconf 79' lang='lat' dir='ltr'><strong>et</strong></span> 
     </span>
     <span class='ocr_line' id='line_1_18' title="bbox 205 2529 1673 2637; baseline 0.005 -31"><span class='ocrx_word' id='word_1_146' title='bbox 205 2531 322 2606; x_wconf 88' lang='lat' dir='ltr'><strong>socios</strong></span> <span class='ocrx_word' id='word_1_147' title='bbox 358 2531 509 2606; x_wconf 89' lang='lat' dir='ltr'><strong>Italicos</strong></span> <span class='ocrx_word' id='word_1_148' title='bbox 540 2530 813 2634; x_wconf 89' lang='lat' dir='ltr'><strong>impedimenta</strong></span> <span class='ocrx_word' id='word_1_149' title='bbox 840 2533 1040 2637; x_wconf 86' lang='lat' dir='ltr'><strong>parabant.</strong></span> <span class='ocrx_word' id='word_1_150' title='bbox 1100 2532 1172 2607; x_wconf 89' lang='lat' dir='ltr'><strong>Sed</strong></span> <span class='ocrx_word' id='word_1_151' title='bbox 1199 2533 1348 2636; x_wconf 90' lang='lat' dir='ltr'><strong>plebes,</strong></span> <span class='ocrx_word' id='word_1_152' title='bbox 1390 2534 1619 2614; x_wconf 88' lang='lat' dir='ltr'><strong>incredibile</strong></span> <span class='ocrx_word' id='word_1_153' title='bbox 1665 2529 1673 2540; x_wconf 68' lang='grc'><strong>’</strong></span> 
     </span>
     <span class='ocr_line' id='line_1_19' title="bbox 206 2655 1614 2762; baseline 0.004 -32"><span class='ocrx_word' id='word_1_154' title='bbox 206 2671 421 2730; x_wconf 89' lang='lat' dir='ltr'><strong>memoratu</strong></span> <span class='ocrx_word' id='word_1_155' title='bbox 454 2670 536 2744; x_wconf 85' lang='lat' dir='ltr'><strong>est,</strong></span> <span class='ocrx_word' id='word_1_156' title='bbox 580 2681 699 2757; x_wconf 82' lang='lat' dir='ltr'><strong>quarn</strong></span> <span class='ocrx_word' id='word_1_157' title='bbox 731 2657 881 2732; x_wconf 86' lang='lat' dir='ltr'><strong>intenta</strong></span> <span class='ocrx_word' id='word_1_158' title='bbox 913 2655 1030 2730; x_wconf 83' lang='lat' dir='ltr'><strong>suerit</strong></span> <span class='ocrx_word' id='word_1_159' title='bbox 1067 2673 1290 2758; x_wconf 84' lang='lat' dir='ltr'><strong>quantaque</strong></span> <span class='ocrx_word' id='word_1_160' title='bbox 1319 2656 1355 2730; x_wconf 79' lang='lat' dir='ltr'><strong>ri</strong></span> <span class='ocrx_word' id='word_1_161' title='bbox 1380 2660 1614 2762; x_wconf 84' lang='lat' dir='ltr'><strong>rogationem</strong></span> 
     </span>
    </p>
   </div>
   <div class='ocr_carea' id='block_1_3' title="bbox 205 2852 1618 3134">
    <p class='ocr_par' dir='ltr' id='par_1_3' title="bbox 205 2852 1618 3134">
     <span class='ocr_line' id='line_1_20' title="bbox 205 2852 1618 2936; baseline 0.002 -22"><span class='ocrx_word' id='word_1_162' title='bbox 205 2852 371 2914; x_wconf 80' lang='lat' dir='ltr'><strong>consulebat</strong></span> <span class='ocrx_word' id='word_1_163' title='bbox 384 2853 597 2931; x_wconf 74' lang='lat' dir='ltr'><strong>utrumsoedus</strong></span> <span class='ocrx_word' id='word_1_164' title='bbox 607 2855 686 2934; x_wconf 80' lang='lat' dir='ltr'><strong>quod</strong></span> <span class='ocrx_word' id='word_1_165' title='bbox 698 2852 849 2935; x_wconf 80' lang='lat' dir='ltr'><strong>pepigerat</strong></span> <span class='ocrx_word' id='word_1_166' title='bbox 868 2874 935 2916; x_wconf 87' lang='lat' dir='ltr'><strong>cnm</strong></span> <span class='ocrx_word' id='word_1_167' title='bbox 948 2854 1094 2935; x_wconf 72' lang='lat' dir='ltr'><strong>Iugurtha</strong></span> <span class='ocrx_word' id='word_1_168' title='bbox 1104 2855 1229 2929; x_wconf 85' lang='lat' dir='ltr'><strong>firmum</strong></span> <span class='ocrx_word' id='word_1_169' title='bbox 1242 2863 1269 2913; x_wconf 81' lang='lat' dir='ltr'><strong>et</strong></span> <span class='ocrx_word' id='word_1_170' title='bbox 1283 2852 1449 2932; x_wconf 77' lang='lat' dir='ltr'><strong>sicfizrtum</strong></span> <span class='ocrx_word' id='word_1_171' title='bbox 1465 2857 1618 2936; x_wconf 80' lang='lat' dir='ltr'><strong>perduro-</strong></span> 
     </span>
     <span class='ocr_line' id='line_1_21' title="bbox 205 2955 1614 3040; baseline 0.001 -22"><span class='ocrx_word' id='word_1_172' title='bbox 205 2980 236 3018; x_wconf 71' lang='grc' dir='ltr'><strong>νο</strong></span> <span class='ocrx_word' id='word_1_173' title='bbox 250 2957 389 3018; x_wconf 67' lang='lat' dir='ltr'><strong>debusset</strong></span> <span class='ocrx_word' id='word_1_174' title='bbox 403 2977 502 3018; x_wconf 73' lang='lat' dir='ltr'><strong>neom.</strong></span> <span class='ocrx_word' id='word_1_175' title='bbox 524 2955 602 3018; x_wconf 83' lang='lat' dir='ltr'><strong>banc</strong></span> <span class='ocrx_word' id='word_1_176' title='bbox 620 2961 743 3040; x_wconf 86' lang='lat' dir='ltr'><strong>glossam</strong></span> <span class='ocrx_word' id='word_1_177' title='bbox 767 2960 798 3018; x_wconf 91' lang='lat' dir='ltr'><strong>iu</strong></span> <span class='ocrx_word' id='word_1_178' title='bbox 821 2971 958 3020; x_wconf 82' lang='lat' dir='ltr'><strong>contextu</strong></span> <span class='ocrx_word' id='word_1_179' title='bbox 980 2959 1117 3021; x_wconf 85' lang='lat' dir='ltr'><strong>exhibent</strong></span> <span class='ocrx_word' id='word_1_180' title='bbox 1128 2959 1196 3024; x_wconf 85' lang='lat' dir='ltr'><strong>Seu.</strong></span> <span class='ocrx_word' id='word_1_181' title='bbox 1223 2959 1323 3018; x_wconf 87' lang='lat' dir='ltr'><strong>Vinar.</strong></span> <span class='ocrx_word' id='word_1_182' title='bbox 1351 2959 1489 3022; x_wconf 78' lang='lat' dir='ltr'><strong>Guelf.3.</strong></span> <span class='ocrx_word' id='word_1_183' title='bbox 1512 2961 1614 3029; x_wconf 82' lang='lat' dir='ltr'><strong>lleuss,</strong></span> 
     </span>
     <span class='ocr_line' id='line_1_22' title="bbox 205 3061 1614 3134; baseline 0.003 -10"><span class='ocrx_word' id='word_1_184' title='bbox 205 3063 284 3124; x_wconf 86' lang='lat' dir='ltr'><strong>Leid.</strong></span> <span class='ocrx_word' id='word_1_185' title='bbox 296 3067 317 3122; x_wconf 90' lang='lat' dir='ltr'><strong>l.</strong></span> <span class='ocrx_word' id='word_1_186' title='bbox 338 3062 423 3123; x_wconf 86' lang='lat' dir='ltr'><strong>Bern.</strong></span> <span class='ocrx_word' id='word_1_187' title='bbox 435 3063 465 3123; x_wconf 84' lang='lat'><strong>3.</strong></span> <span class='ocrx_word' id='word_1_188' title='bbox 485 3083 506 3122; x_wconf 87' lang='lat' dir='ltr'><strong>o</strong></span> <span class='ocrx_word' id='word_1_189' title='bbox 518 3081 577 3122; x_wconf 86' lang='lat' dir='ltr'><strong>soc.</strong></span> <span class='ocrx_word' id='word_1_190' title='bbox 596 3062 665 3122; x_wconf 87' lang='lat' dir='ltr'><strong>Tur.</strong></span> <span class='ocrx_word' id='word_1_191' title='bbox 687 3061 748 3122; x_wconf 83' lang='lat' dir='ltr'><strong>Bas.</strong></span> <span class='ocrx_word' id='word_1_192' title='bbox 763 3065 792 3134; x_wconf 75' lang='lat' dir='ltr'><strong>l.</strong></span> <span class='ocrx_word' id='word_1_193' title='bbox 813 3064 898 3130; x_wconf 77' lang='lat' dir='ltr'><strong>Bern.</strong></span> <span class='ocrx_word' id='word_1_194' title='bbox 916 3087 941 3124; x_wconf 87' lang='lat' dir='ltr'><strong>r.</strong></span> <span class='ocrx_word' id='word_1_195' title='bbox 962 3063 1088 3124; x_wconf 73' lang='lat' dir='ltr'><strong>decrevit</strong></span> <span class='ocrx_word' id='word_1_196' title='bbox 1108 3063 1191 3123; x_wconf 83' lang='lat' dir='ltr'><strong>Leid.</strong></span> <span class='ocrx_word' id='word_1_197' title='bbox 1202 3085 1229 3123; x_wconf 85' lang='lat' dir='ltr'><strong>c.</strong></span> <span class='ocrx_word' id='word_1_198' title='bbox 1241 3063 1270 3120; x_wconf 87' lang='lat' dir='ltr'><strong>d.</strong></span> <span class='ocrx_word' id='word_1_199' title='bbox 1283 3065 1302 3125; x_wconf 83' lang='lat' dir='ltr'><strong>f.</strong></span> <span class='ocrx_word' id='word_1_200' title='bbox 1315 3086 1354 3131; x_wconf 83' lang='grc' dir='ltr'><strong>ιιι.</strong></span> <span class='ocrx_word' id='word_1_201' title='bbox 1376 3065 1444 3125; x_wconf 79' lang='lat' dir='ltr'><strong>vin.</strong></span> <span class='ocrx_word' id='word_1_202' title='bbox 1460 3087 1487 3126; x_wconf 79' lang='lat' dir='ltr'><strong>a.</strong></span> <span class='ocrx_word' id='word_1_203' title='bbox 1510 3070 1614 3128; x_wconf 85' lang='lat' dir='ltr'><strong>Franc.</strong></span> 
     </span>
    </p>
   </div>
   <div class='ocr_carea' id='block_1_4' title="bbox 89 3154 1613 3248">
    <p class='ocr_par' dir='ltr' id='par_1_4' title="bbox 89 3154 1613 3248">
     <span class='ocr_line' id='line_1_23' title="bbox 89 3154 1613 3248; baseline 0.003 -21"><span class='ocrx_word' id='word_1_204' title='bbox 89 3154 93 3162; x_wconf 23' lang='grc' dir='ltr'><strong><em>ι</em></strong></span> <span class='ocrx_word' id='word_1_205' title='bbox 205 3177 374 3228; x_wconf 78' lang='lat' dir='ltr'><strong>orntumest</strong></span> <span class='ocrx_word' id='word_1_206' title='bbox 394 3167 474 3226; x_wconf 86' lang='lat' dir='ltr'><strong>Leid.</strong></span> <span class='ocrx_word' id='word_1_207' title='bbox 485 3167 516 3227; x_wconf 89' lang='lat' dir='ltr'><strong>d.</strong></span> <span class='ocrx_word' id='word_1_208' title='bbox 536 3169 650 3248; x_wconf 83' lang='lat' dir='ltr'><strong>aliquot</strong></span> <span class='ocrx_word' id='word_1_209' title='bbox 663 3165 741 3227; x_wconf 83' lang='lat' dir='ltr'><strong>Ririi</strong></span> <span class='ocrx_word' id='word_1_210' title='bbox 754 3178 782 3226; x_wconf 88' lang='lat' dir='ltr'><strong>ct</strong></span> <span class='ocrx_word' id='word_1_211' title='bbox 795 3168 908 3228; x_wconf 80' lang='lat' dir='ltr'><strong>Wassii.</strong></span> <span class='ocrx_word' id='word_1_212' title='bbox 930 3169 988 3228; x_wconf 85' lang='lat' dir='ltr'><strong>Erl.</strong></span> <span class='ocrx_word' id='word_1_213' title='bbox 1012 3166 1389 3228; x_wconf 79' lang='lat' dir='ltr'><strong>cnimruurdebol·Strur.</strong></span> <span class='ocrx_word' id='word_1_214' title='bbox 1418 3171 1477 3228; x_wconf 89' lang='lat' dir='ltr'><strong>inc.</strong></span> <span class='ocrx_word' id='word_1_215' title='bbox 1508 3169 1613 3231; x_wconf 83' lang='lat' dir='ltr'><strong>Franc.</strong></span> 
     </span>
    </p>
   </div>
   <div class='ocr_carea' id='block_1_5' title="bbox 204 3269 1617 3664">
    <p class='ocr_par' dir='ltr' id='par_1_5' title="bbox 204 3269 1617 3664">
     <span class='ocr_line' id='line_1_24' title="bbox 204 3269 1613 3354; baseline 0.001 -22"><span class='ocrx_word' id='word_1_216' title='bbox 204 3273 301 3334; x_wconf 83' lang='lat' dir='ltr'><strong>Gucll.</strong></span> <span class='ocrx_word' id='word_1_217' title='bbox 317 3296 345 3354; x_wconf 88' lang='lat'><strong>7.</strong></span> <span class='ocrx_word' id='word_1_218' title='bbox 362 3293 407 3332; x_wconf 89' lang='grc' dir='ltr'><strong>ιο.</strong></span> <span class='ocrx_word' id='word_1_219' title='bbox 427 3272 507 3332; x_wconf 85' lang='lat' dir='ltr'><strong>Leid.</strong></span> <span class='ocrx_word' id='word_1_220' title='bbox 523 3273 553 3332; x_wconf 90' lang='lat' dir='ltr'><strong>b.</strong></span> <span class='ocrx_word' id='word_1_221' title='bbox 565 3273 595 3330; x_wconf 89' lang='lat' dir='ltr'><strong>d.</strong></span> <span class='ocrx_word' id='word_1_222' title='bbox 608 3294 634 3332; x_wconf 84' lang='lat' dir='ltr'><strong>c.</strong></span> <span class='ocrx_word' id='word_1_223' title='bbox 647 3274 666 3336; x_wconf 81' lang='lat' dir='ltr'><strong>f.</strong></span> <span class='ocrx_word' id='word_1_224' title='bbox 683 3272 710 3330; x_wconf 83' lang='lat' dir='ltr'><strong>lr.</strong></span> <span class='ocrx_word' id='word_1_225' title='bbox 724 3293 764 3330; x_wconf 87' lang='lat' dir='ltr'><strong>m.</strong></span> <span class='ocrx_word' id='word_1_226' title='bbox 787 3271 871 3331; x_wconf 81' lang='lat' dir='ltr'><strong>Paris.</strong></span> <span class='ocrx_word' id='word_1_227' title='bbox 883 3273 912 3330; x_wconf 93' lang='lat' dir='ltr'><strong>b.</strong></span> <span class='ocrx_word' id='word_1_228' title='bbox 924 3295 949 3338; x_wconf 82' lang='lat' dir='ltr'><strong>e.</strong></span> <span class='ocrx_word' id='word_1_229' title='bbox 971 3273 1032 3332; x_wconf 89' lang='lat' dir='ltr'><strong>Bas.</strong></span> <span class='ocrx_word' id='word_1_230' title='bbox 1047 3274 1075 3343; x_wconf 71' lang='grc' dir='ltr'><strong>Δ.</strong></span> <span class='ocrx_word' id='word_1_231' title='bbox 1103 3271 1134 3329; x_wconf 85' lang='lat' dir='ltr'><strong>in</strong></span> <span class='ocrx_word' id='word_1_232' title='bbox 1144 3269 1328 3350; x_wconf 73' lang='lat' dir='ltr'><strong>provinciam</strong></span> <span class='ocrx_word' id='word_1_233' title='bbox 1350 3272 1430 3330; x_wconf 87' lang='lat' dir='ltr'><strong>Leid.</strong></span> <span class='ocrx_word' id='word_1_234' title='bbox 1442 3275 1461 3332; x_wconf 86' lang='lat' dir='ltr'><strong>l.</strong></span> <span class='ocrx_word' id='word_1_235' title='bbox 1475 3276 1500 3332; x_wconf 91' lang='lat' dir='ltr'><strong>l.</strong></span> <span class='ocrx_word' id='word_1_236' title='bbox 1518 3273 1613 3337; x_wconf 79' lang='lat' dir='ltr'><strong>Strur.</strong></span> 
     </span>
     <span class='ocr_line' id='line_1_25' title="bbox 204 3375 1613 3458; baseline 0 -20"><span class='ocrx_word' id='word_1_237' title='bbox 204 3379 301 3440; x_wconf 81' lang='lat' dir='ltr'><strong>Guelf.</strong></span> <span class='ocrx_word' id='word_1_238' title='bbox 316 3400 344 3458; x_wconf 79' lang='lat'><strong>9.</strong></span> <span class='ocrx_word' id='word_1_239' title='bbox 361 3399 405 3438; x_wconf 92' lang='grc' dir='ltr'><strong>ιο.</strong></span> <span class='ocrx_word' id='word_1_240' title='bbox 423 3399 468 3442; x_wconf 90' lang='grc' dir='ltr'><strong>ιι.</strong></span> <span class='ocrx_word' id='word_1_241' title='bbox 488 3379 636 3457; x_wconf 79' lang='lat' dir='ltr'><strong>agemlom</strong></span> <span class='ocrx_word' id='word_1_242' title='bbox 657 3377 754 3437; x_wconf 85' lang='lat' dir='ltr'><strong>Guell.</strong></span> <span class='ocrx_word' id='word_1_243' title='bbox 766 3377 795 3445; x_wconf 74' lang='lat' dir='ltr'><strong>l.</strong></span> <span class='ocrx_word' id='word_1_244' title='bbox 813 3397 859 3435; x_wconf 88' lang='grc' dir='ltr'><strong>ιο.</strong></span> <span class='ocrx_word' id='word_1_245' title='bbox 879 3398 924 3435; x_wconf 91' lang='grc' dir='ltr'><strong>ιι.</strong></span> <span class='ocrx_word' id='word_1_246' title='bbox 944 3376 1029 3441; x_wconf 84' lang='lat' dir='ltr'><strong>Fabr.</strong></span> <span class='ocrx_word' id='word_1_247' title='bbox 1051 3377 1130 3439; x_wconf 87' lang='lat' dir='ltr'><strong>Vrat.</strong></span> <span class='ocrx_word' id='word_1_248' title='bbox 1144 3395 1171 3433; x_wconf 84' lang='lat' dir='ltr'><strong>r.</strong></span> <span class='ocrx_word' id='word_1_249' title='bbox 1183 3375 1278 3435; x_wconf 83' lang='lat' dir='ltr'><strong>Strur.</strong></span> <span class='ocrx_word' id='word_1_250' title='bbox 1291 3375 1450 3440; x_wconf 59' lang='lat' dir='ltr'><strong>muliero.</strong></span> <span class='ocrx_word' id='word_1_251' title='bbox 1467 3399 1492 3436; x_wconf 87' lang='lat'><strong>1.</strong></span> <span class='ocrx_word' id='word_1_252' title='bbox 1513 3375 1613 3450; x_wconf 66' lang='grc' dir='ltr'><strong>ΒΜ.</strong></span> 
     </span>
     <span class='ocr_line' id='line_1_26' title="bbox 204 3478 1614 3564; baseline 0.001 -22"><span class='ocrx_word' id='word_1_253' title='bbox 204 3485 273 3544; x_wconf 83' lang='grc' dir='ltr'><strong>Τιιι.</strong></span> <span class='ocrx_word' id='word_1_254' title='bbox 294 3483 374 3542; x_wconf 84' lang='lat' dir='ltr'><strong>Lcid.</strong></span> <span class='ocrx_word' id='word_1_255' title='bbox 387 3482 417 3541; x_wconf 96' lang='lat' dir='ltr'><strong>b.</strong></span> <span class='ocrx_word' id='word_1_256' title='bbox 432 3505 457 3542; x_wconf 87' lang='lat' dir='ltr'><strong>o.</strong></span> <span class='ocrx_word' id='word_1_257' title='bbox 468 3483 497 3540; x_wconf 89' lang='lat' dir='ltr'><strong>d.</strong></span> <span class='ocrx_word' id='word_1_258' title='bbox 510 3504 538 3563; x_wconf 83' lang='lat' dir='ltr'><strong>g.</strong></span> <span class='ocrx_word' id='word_1_259' title='bbox 553 3481 584 3540; x_wconf 90' lang='lat' dir='ltr'><strong>b.</strong></span> <span class='ocrx_word' id='word_1_260' title='bbox 600 3483 628 3540; x_wconf 86' lang='lat' dir='ltr'><strong>k.</strong></span> <span class='ocrx_word' id='word_1_261' title='bbox 648 3481 717 3564; x_wconf 79' lang='lat' dir='ltr'><strong>Teg.</strong></span> <span class='ocrx_word' id='word_1_262' title='bbox 739 3481 799 3538; x_wconf 85' lang='lat' dir='ltr'><strong>Erl.</strong></span> <span class='ocrx_word' id='word_1_263' title='bbox 825 3480 880 3541; x_wconf 84' lang='lat' dir='ltr'><strong>sibi</strong></span> <span class='ocrx_word' id='word_1_264' title='bbox 891 3479 968 3540; x_wconf 82' lang='lat' dir='ltr'><strong>nilu’l</strong></span> <span class='ocrx_word' id='word_1_265' title='bbox 986 3480 1048 3539; x_wconf 86' lang='lat' dir='ltr'><strong>Bas.</strong></span> <span class='ocrx_word' id='word_1_266' title='bbox 1068 3501 1094 3538; x_wconf 90' lang='grc' dir='ltr'><strong>ι.</strong></span> <span class='ocrx_word' id='word_1_267' title='bbox 1105 3481 1134 3550; x_wconf 70' lang='grc' dir='ltr'><strong>Δ.</strong></span> <span class='ocrx_word' id='word_1_268' title='bbox 1154 3479 1213 3542; x_wconf 86' lang='lat' dir='ltr'><strong>Erl.</strong></span> <span class='ocrx_word' id='word_1_269' title='bbox 1231 3478 1300 3561; x_wconf 84' lang='lat' dir='ltr'><strong>Tcg.</strong></span> <span class='ocrx_word' id='word_1_270' title='bbox 1320 3479 1393 3539; x_wconf 92' lang='lat' dir='ltr'><strong>Tur.</strong></span> <span class='ocrx_word' id='word_1_271' title='bbox 1409 3481 1494 3542; x_wconf 86' lang='lat' dir='ltr'><strong>Bern.</strong></span> <span class='ocrx_word' id='word_1_272' title='bbox 1508 3481 1536 3549; x_wconf 76' lang='grc' dir='ltr'><strong>ὅ.</strong></span> <span class='ocrx_word' id='word_1_273' title='bbox 1557 3483 1614 3544; x_wconf 82' lang='lat' dir='ltr'><strong>lti-</strong></span> 
     </span>
     <span class='ocr_line' id='line_1_27' title="bbox 206 3583 1617 3664; baseline -0.001 -13"><span class='ocrx_word' id='word_1_274' title='bbox 206 3592 245 3652; x_wconf 81' lang='lat' dir='ltr'><strong>vii</strong></span> <span class='ocrx_word' id='word_1_275' title='bbox 261 3588 337 3648; x_wconf 89' lang='lat' dir='ltr'><strong>libri.</strong></span> <span class='ocrx_word' id='word_1_276' title='bbox 358 3587 443 3648; x_wconf 84' lang='lat' dir='ltr'><strong>Bern.</strong></span> <span class='ocrx_word' id='word_1_277' title='bbox 462 3608 487 3652; x_wconf 86' lang='lat' dir='ltr'><strong>t.</strong></span> <span class='ocrx_word' id='word_1_278' title='bbox 508 3588 594 3648; x_wconf 83' lang='lat' dir='ltr'><strong>ceteri</strong></span> <span class='ocrx_word' id='word_1_279' title='bbox 608 3589 721 3649; x_wconf 75' lang='lat' dir='ltr'><strong>inverso</strong></span> <span class='ocrx_word' id='word_1_280' title='bbox 739 3585 852 3645; x_wconf 84' lang='lat' dir='ltr'><strong>ordino.</strong></span> <span class='ocrx_word' id='word_1_281' title='bbox 874 3584 1051 3664; x_wconf 79' lang='lat' dir='ltr'><strong>agitandum</strong></span> <span class='ocrx_word' id='word_1_282' title='bbox 1072 3583 1211 3656; x_wconf 82' lang='lat' dir='ltr'><strong>Palatini3</strong></span> <span class='ocrx_word' id='word_1_283' title='bbox 1230 3584 1374 3664; x_wconf 82' lang='lat' dir='ltr'><strong>ceterique</strong></span> <span class='ocrx_word' id='word_1_284' title='bbox 1389 3589 1522 3648; x_wconf 80' lang='lat' dir='ltr'><strong>meliores</strong></span> <span class='ocrx_word' id='word_1_285' title='bbox 1541 3607 1617 3650; x_wconf 89' lang='lat' dir='ltr'><strong>con·</strong></span> 
     </span>
    </p>
   </div>
   <div class='ocr_carea' id='block_1_6' title="bbox 205 3697 335 3756">
    <p class='ocr_par' dir='ltr' id='par_1_6' title="bbox 205 3697 335 3756">
     <span class='ocr_line' id='line_1_28' title="bbox 205 3697 335 3756; baseline -0.023 0"><span class='ocrx_word' id='word_1_286' title='bbox 205 3697 335 3756; x_wconf 82' lang='lat' dir='ltr'><strong>firmant.</strong></span> 
     </span>
    </p>
   </div>
   <div class='ocr_carea' id='block_1_7' title="bbox 204 3811 1615 4332">
    <p class='ocr_par' dir='ltr' id='par_1_7' title="bbox 204 3811 1615 4332">
     <span class='ocr_line' id='line_1_29' title="bbox 287 3811 1614 3904; baseline -0.01 -17"><span class='ocrx_word' id='word_1_287' title='bbox 287 3823 361 3904; x_wconf 85' lang='lat' dir='ltr'><strong>Cup.</strong></span> <span class='ocrx_word' id='word_1_288' title='bbox 383 3824 433 3898; x_wconf 67' lang='lat' dir='ltr'><strong>lo.</strong></span> <span class='ocrx_word' id='word_1_289' title='bbox 461 3819 582 3882; x_wconf 77' lang='lat' dir='ltr'><strong>interim</strong></span> <span class='ocrx_word' id='word_1_290' title='bbox 612 3819 1012 3886; x_wconf 43' lang='lat' dir='ltr'><strong>Leid.a.e.t.h.fi.k.1.m.</strong></span> <span class='ocrx_word' id='word_1_291' title='bbox 1037 3818 1126 3879; x_wconf 76' lang='lat' dir='ltr'><strong>Bern.</strong></span> <span class='ocrx_word' id='word_1_292' title='bbox 1139 3838 1166 3883; x_wconf 88' lang='grc' dir='ltr'><strong>ι.</strong></span> <span class='ocrx_word' id='word_1_293' title='bbox 1179 3820 1207 3880; x_wconf 83' lang='lat'><strong>3.</strong></span> <span class='ocrx_word' id='word_1_294' title='bbox 1236 3813 1298 3876; x_wconf 83' lang='lat' dir='ltr'><strong>Bas.</strong></span> <span class='ocrx_word' id='word_1_295' title='bbox 1314 3835 1340 3880; x_wconf 92' lang='grc' dir='ltr'><strong>ι.</strong></span> <span class='ocrx_word' id='word_1_296' title='bbox 1351 3811 1380 3886; x_wconf 65' lang='grc' dir='ltr'><strong>Δ.</strong></span> <span class='ocrx_word' id='word_1_297' title='bbox 1409 3811 1445 3874; x_wconf 91' lang='lat' dir='ltr'><strong>C.</strong></span> <span class='ocrx_word' id='word_1_298' title='bbox 1462 3813 1614 3881; x_wconf 74' lang='lat' dir='ltr'><strong>Mamilius</strong></span> 
     </span>
     <span class='ocr_line' id='line_1_30' title="bbox 205 3916 1611 4011; baseline -0.013 -14"><span class='ocrx_word' id='word_1_299' title='bbox 205 3935 375 3998; x_wconf 72' lang='lat' dir='ltr'><strong>birnstanus</strong></span> <span class='ocrx_word' id='word_1_300' title='bbox 394 3933 435 3992; x_wconf 88' lang='lat' dir='ltr'><strong>ita</strong></span> <span class='ocrx_word' id='word_1_301' title='bbox 449 3929 572 4011; x_wconf 86' lang='lat' dir='ltr'><strong>plurimi</strong></span> <span class='ocrx_word' id='word_1_302' title='bbox 586 3924 665 3986; x_wconf 89' lang='lat' dir='ltr'><strong>libri.</strong></span> <span class='ocrx_word' id='word_1_303' title='bbox 684 3927 733 3987; x_wconf 82' lang='lat' dir='ltr'><strong>scd</strong></span> <span class='ocrx_word' id='word_1_304' title='bbox 745 3928 831 3988; x_wconf 78' lang='lat' dir='ltr'><strong>lectio</strong></span> <span class='ocrx_word' id='word_1_305' title='bbox 843 3947 931 4008; x_wconf 75' lang='lat' dir='ltr'><strong>quun</strong></span> <span class='ocrx_word' id='word_1_306' title='bbox 944 3925 1069 3985; x_wconf 81' lang='lat' dir='ltr'><strong>maximo</strong></span> <span class='ocrx_word' id='word_1_307' title='bbox 1083 3923 1183 3984; x_wconf 78' lang='lat' dir='ltr'><strong>variat.</strong></span> <span class='ocrx_word' id='word_1_308' title='bbox 1206 3916 1241 3979; x_wconf 91' lang='lat' dir='ltr'><strong>C.</strong></span> <span class='ocrx_word' id='word_1_309' title='bbox 1253 3919 1404 3979; x_wconf 81' lang='lat' dir='ltr'><strong>Morrrilius</strong></span> <span class='ocrx_word' id='word_1_310' title='bbox 1417 3917 1522 3979; x_wconf 79' lang='lat' dir='ltr'><strong>Limet.</strong></span> <span class='ocrx_word' id='word_1_311' title='bbox 1542 3918 1611 3988; x_wconf 71' lang='lat' dir='ltr'><strong>Nau.</strong></span> 
     </span>
     <span class='ocr_line' id='line_1_31' title="bbox 206 4021 1615 4114; baseline -0.013 -13"><span class='ocrx_word' id='word_1_312' title='bbox 206 4042 353 4104; x_wconf 83' lang='lat' dir='ltr'><strong>Commel.</strong></span> <span class='ocrx_word' id='word_1_313' title='bbox 372 4033 476 4106; x_wconf 65' lang='grc' dir='ltr'><strong>ΒΜ.</strong></span> <span class='ocrx_word' id='word_1_314' title='bbox 497 4043 526 4094; x_wconf 79' lang='lat' dir='ltr'><strong>ct</strong></span> <span class='ocrx_word' id='word_1_315' title='bbox 539 4032 654 4114; x_wconf 84' lang='lat' dir='ltr'><strong>antiqui</strong></span> <span class='ocrx_word' id='word_1_316' title='bbox 671 4033 799 4092; x_wconf 85' lang='lat' dir='ltr'><strong>nummi.</strong></span> <span class='ocrx_word' id='word_1_317' title='bbox 819 4030 889 4090; x_wconf 87' lang='lat' dir='ltr'><strong>Tur.</strong></span> <span class='ocrx_word' id='word_1_318' title='bbox 909 4028 1013 4090; x_wconf 69' lang='lat' dir='ltr'><strong>Sancti</strong></span> <span class='ocrx_word' id='word_1_319' title='bbox 1025 4029 1144 4088; x_wconf 76' lang='lat' dir='ltr'><strong>decreto</strong></span> <span class='ocrx_word' id='word_1_320' title='bbox 1167 4025 1227 4084; x_wconf 92' lang='lat' dir='ltr'><strong>duo</strong></span> <span class='ocrx_word' id='word_1_321' title='bbox 1243 4024 1321 4088; x_wconf 83' lang='lat' dir='ltr'><strong>Rivii</strong></span> <span class='ocrx_word' id='word_1_322' title='bbox 1338 4021 1416 4082; x_wconf 88' lang='lat' dir='ltr'><strong>libri.</strong></span> <span class='ocrx_word' id='word_1_323' title='bbox 1445 4023 1615 4104; x_wconf 51' lang='lat' dir='ltr'><strong>neglegeret</strong></span> 
     </span>
     <span class='ocr_line' id='line_1_32' title="bbox 205 4127 1611 4222; baseline -0.011 -16"><span class='ocrx_word' id='word_1_324' title='bbox 205 4147 267 4210; x_wconf 63' lang='lat' dir='ltr'><strong>ua.</strong></span> <span class='ocrx_word' id='word_1_325' title='bbox 280 4167 305 4205; x_wconf 86' lang='lat' dir='ltr'><strong>t.</strong></span> <span class='ocrx_word' id='word_1_326' title='bbox 326 4141 482 4222; x_wconf 74' lang='lat' dir='ltr'><strong>neglisisost</strong></span> <span class='ocrx_word' id='word_1_327' title='bbox 501 4140 560 4200; x_wconf 89' lang='lat' dir='ltr'><strong>inc.</strong></span> <span class='ocrx_word' id='word_1_328' title='bbox 577 4158 605 4198; x_wconf 83' lang='grc' dir='ltr'><strong>ι.</strong></span> <span class='ocrx_word' id='word_1_329' title='bbox 626 4136 731 4215; x_wconf 74' lang='lat' dir='ltr'><strong>quique</strong></span> <span class='ocrx_word' id='word_1_330' title='bbox 745 4136 835 4216; x_wconf 75' lang='lat' dir='ltr'><strong>eleph.</strong></span> <span class='ocrx_word' id='word_1_331' title='bbox 856 4134 957 4194; x_wconf 81' lang='lat' dir='ltr'><strong>Vinar.</strong></span> <span class='ocrx_word' id='word_1_332' title='bbox 974 4153 1000 4192; x_wconf 92' lang='grc' dir='ltr'><strong>ι.</strong></span> <span class='ocrx_word' id='word_1_333' title='bbox 1020 4129 1122 4201; x_wconf 66' lang='lat' dir='ltr'><strong>Banl.</strong></span> <span class='ocrx_word' id='word_1_334' title='bbox 1143 4127 1307 4209; x_wconf 72' lang='lat' dir='ltr'><strong>periculum</strong></span> <span class='ocrx_word' id='word_1_335' title='bbox 1323 4135 1477 4186; x_wconf 71' lang='lat' dir='ltr'><strong>metentes</strong></span> <span class='ocrx_word' id='word_1_336' title='bbox 1498 4127 1611 4190; x_wconf 76' lang='lat' dir='ltr'><strong>Fabric.</strong></span> 
     </span>
     <span class='ocr_line' id='line_1_33' title="bbox 204 4224 1611 4332; baseline -0.003 -31"><span class='ocrx_word' id='word_1_337' title='bbox 204 4224 273 4332; x_wconf 64' lang='lat' dir='ltr'><strong>leg.</strong></span> <span class='ocrx_word' id='word_1_338' title='bbox 292 4241 363 4301; x_wconf 84' lang='lat' dir='ltr'><strong>Tur.</strong></span> <span class='ocrx_word' id='word_1_339' title='bbox 381 4238 473 4322; x_wconf 73' lang='lat' dir='ltr'><strong>plebes</strong></span> <span class='ocrx_word' id='word_1_340' title='bbox 490 4237 591 4298; x_wconf 63' lang='lat' dir='ltr'><strong>vinu.</strong></span> <span class='ocrx_word' id='word_1_341' title='bbox 611 4239 679 4298; x_wconf 82' lang='lat' dir='ltr'><strong>Seu.</strong></span> <span class='ocrx_word' id='word_1_342' title='bbox 697 4239 797 4301; x_wconf 77' lang='lat' dir='ltr'><strong>llouss.</strong></span> <span class='ocrx_word' id='word_1_343' title='bbox 817 4239 915 4320; x_wconf 79' lang='lat' dir='ltr'><strong>plures</strong></span> <span class='ocrx_word' id='word_1_344' title='bbox 928 4235 1005 4297; x_wconf 82' lang='lat' dir='ltr'><strong>Ririi</strong></span> <span class='ocrx_word' id='word_1_345' title='bbox 1015 4233 1094 4296; x_wconf 86' lang='lat' dir='ltr'><strong>libri.</strong></span> <span class='ocrx_word' id='word_1_346' title='bbox 1115 4239 1258 4310; x_wconf 78' lang='lat' dir='ltr'><strong>quantum</strong></span> <span class='ocrx_word' id='word_1_347' title='bbox 1276 4229 1389 4290; x_wconf 77' lang='lat' dir='ltr'><strong>intenta</strong></span> <span class='ocrx_word' id='word_1_348' title='bbox 1410 4229 1495 4294; x_wconf 71' lang='lat' dir='ltr'><strong>Febr.</strong></span> <span class='ocrx_word' id='word_1_349' title='bbox 1514 4231 1611 4304; x_wconf 75' lang='lat' dir='ltr'><strong>Stntr.</strong></span> 
     </span>
    </p>
   </div>
   <div class='ocr_carea' id='block_1_8' title="bbox 0 0 2296 5320">
    <p class='ocr_par' dir='ltr' id='par_1_8' title="bbox 0 0 2296 5320">
     <span class='ocr_line' id='line_1_34' title="bbox 0 0 2296 5320; baseline 0 0"><span class='ocrx_word' id='word_1_350' title='bbox 0 0 2296 5320; x_wconf 95' lang='lat' dir='ltr'><strong> </strong></span> 
     </span>
    </p>
   </div>
  </div>
 </body>
</html>
