4542 5318
1593 414 1661 462 221

253 575 311 636 :to
328 561 453 640 bonus
480 581 542 641 est
581 567 646 642 An
669 565 886 671 exspectatis
913 566 1007 642 dum
1032 569 1200 645 exercitu
1218 593 1347 646 rursus
1371 569 1542 657 admoto,
1567 567 1667 645 ferro

270 698 385 787 atque
407 687 561 764 flamma
579 689 717 765 urbem
736 690 908 765 invadit?
934 691 1042 793 qnod
1060 693 1183 770 mulso
1200 694 1356 797 propius
1372 710 1427 766 est
1443 692 1491 764 ab
1507 717 1572 782 eo,
1590 718 1668 794 quo

270 807 401 910 agitat,
421 827 546 902 statu,
564 839 683 914 quam
703 839 748 887 ex
762 839 855 915 pace
869 829 908 888 et
921 813 1191 889 concordiaad
1204 841 1311 888 arma
1335 815 1459 888 civilia
1477 847 1489 887 :·
1501 814 1669 914 quaeille

270 927 471 1006 advorsum
491 933 621 1008 divina
637 951 675 1009 et
691 932 863 1010 humana
883 937 1011 1011 omnia
1026 937 1143 1038 cepit,
1156 963 1236 1011 non
1251 963 1326 1040 pro
1337 964 1403 1010 sua
1421 953 1488 1010 aut
1502 962 1669 1038 qnorum

269 1051 425 1127 simulat
442 1054 599 1147 iniuria,
610 1059 676 1132 sed
692 1058 819 1163 legum
836 1085 880 1133 ac
894 1059 1078 1134 libertatis
1090 1059 1369 1135 subvortundae.
1392 1059 1670 1161 ringitnrenim

271 1199 315 1248 ac
329 1174 520 1252 laceratur
537 1181 657 1255 animi
672 1181 855 1285 cupidine
869 1198 914 1256 et
925 1209 1113 1258 noxarum
1136 1199 1257 1270 metu,
1277 1207 1406 1284 expers
1426 1181 1591 1269 consilii,
1610 1181 1670 1255 in-

219 1375 222 1380 .
271 1298 393 1398 quio,
410 1299 495 1376 baee
511 1319 627 1405 atque
639 1304 706 1378 illa
724 1319 933 1408 temptans;·
953 1306 1091 1379 metuit
1111 1309 1252 1395 otium,
1274 1305 1355 1378 odit
1378 1304 1549 1397 bel-lum3
1574 1304 1670 1378 luxu

255 1435 386 1522 atquc
401 1422 553 1498 licentia
568 1425 777 1500 carendum
791 1427 910 1514 videt,
933 1444 1056 1529 atque
1064 1430 1218 1504 interim
1231 1427 1404 1502 abutitur
1418 1443 1537 1501 rostra
1547 1453 1672 1500 socor-

270 1541 341 1616 dia.
366 1545 496 1646 Neque
516 1547 613 1622 mihi
626 1549 720 1624 satis·
733 1548 968 1640 consiliiest,
980 1567 1208 1644 metum,an
1225 1549 1433 1652 ignaviam,
1453 1577 1503 1622 an
1518 1549 1671 1623 demen-

271 1666 364 1742 tiam
391 1695 475 1742 eam
495 1669 709 1774 adpellem:
737 1672 810 1774 qui·
829 1669 1014 1748 videmini
1038 1673 1185 1748 intenta
1216 1673 1338 1761 mala,
1363 1673 1476 1775 quasi·
1503 1671 1678 1758 fulmen·‚.

271 1807 417 1894 optare,
440 1818 478 1869 se
495 1795 665 1897 quisque
675 1822 729 1869 ne
742 1794 905 1898 attingat
914 1851 932 1883 ‚.
949 1794 1014 1869 sed
1030 1794 1256 1898 prohibere,
1282 1821 1331 1870 ne
1350 1796 1480 1870 conari
1504 1794 1677 1895 quidem..

271 1915 321 1986 Et
340 1939 465 2016 quaeso
488 1917 740 2006 considerate,
763 1945 881 2018 quam
914 1943 1095 1991 convorsa
1125 1945 1253 1992 rerum
1273 1933 1416 1992 natura·
1441 1918 1497 1990 sit.
1547 1921 1669 1990 Antea
1729 2003 1732 2010 y

272 2036 417 2112 malum
447 2039 653 2142 publicum·
678 2040 824 2145 occulte
838 2097 854 2130 ‚.
881 2039 1024 2114 auxilia
1050 2039 1180 2142 palam
1213 2040 1524 2128 instruebantur,
1556 2055 1594 2113 et
1626 2065 1670 2113 eo

271 2157 365 2233 boni
391 2161 515 2234 maios
530 2160 641 2235 facile
663 2161 863 2235 anteibant·
888 2194 896 2234 ε
921 2189 1027 2235 nunc
1054 2189 1145 2264 pax,
1175 2163 1385 2237 concordia*
1406 2162 1673 2235 disturbantur

271 2281 400 2384 palam
410 2314 425 2375 ς
446 2281 710 2358 defenduntur
726 2283 881 2359 occulte
933 2284 1086 2380 Quibus
1104 2285 1173 2359 illa
1189 2285 1361 2389 placent,
1386 2283 1556 2358 inarmis
1572 2300 1675 2358 suut:

271 2431 335 2479 vos
354 2405 396 2479 in
418 2421 538 2481 metu..
584 2405 691 2502 Quid
714 2405 969 2508 exspectatis?
995 2406 1069 2479 nisi
1100 2406 1198 2481 forte
1217 2407 1338 2510 pudet
1357 2423 1426 2480 aut
1452 2407 1553 2509 piget
1574 2424 1674 2482 recte

271 2524 402 2602 facere·
427 2525 820 2631 Anchidimandata
837 2526 984 2600 animos
997 2530 1165 2601 morere?
1190 2530 1260 2628 qui
1273 2529 1421 2630 placere
1432 2529 1498 2615 ait,
1514 2554 1582 2603 sua
1593 2531 1675 2603 cui-

259 2675 348 2752 ·que
362 2649 655 2726 reddictaliena
673 2648 894 2724 tenctz‘belli
910 2648 994 2722 iura
1012 2647 1186 2739 rescindi,
1206 2676 1332 2752 quum
1348 2648 1426 2752 ipse
1442 2649 1555 2722 armis
1566 2648 1674 2752 cogit:

275 2771 470 2848 civitatem
498 2771 736 2863 confirmari,
757 2771 897 2875 quibus
919 2771 1137 2874 ademptam
1166 2769 1310 2876 negati·
1324 2771 1537 2846 concordiae
1553 2755 1673 2874 gratia

260 2894 396 2998 plebei
425 2896 673 2973 tribuniciam
698 2909 920 2999 potestatem
948 2895 1113 2984 restitui,
1137 2923 1182 2970 ex
1196 2923 1284 2997 qua
1318 2920 1446 2968 omncs
1478 2893 1675 2967 discordia

272 3043 444 3093 accensae.
485 3023 663 3094 Pessume
677 3019 852 3095 omnium
878 3031 994 3119 atque
1021 3016 1376 3121 impudentissume,
1402 3016 1522 3089 tibine
1537 3031 1674 3119 egestas

273 3138 417 3214 civium
441 3155 480 3214 et
501 3140 627 3214 luctus
644 3167 746 3215 curae
758 3155 871 3230 sunt,
897 3140 960 3215 cui
986 3139 1091 3214 nibil·
1104 3157 1159 3215 est
1180 3139 1283 3214 domi
1304 3140 1376 3212 nisi
1394 3138 1507 3212 armis
1519 3155 1675 3241 partum

257 3277 344 3337 mut
363 3286 440 3366 per·
448 3261 663 3339 iniuriam-i
686 3264 851 3340 aiterum
874 3261 1115 3336 consulatum
1133 3261 1248 3365 petis,
1275 3261 1382 3362 quasi
1400 3259 1570 3364 primum
1591 3257 1675 3333 red-

273 3383 439 3459 dideris:
464 3385 565 3460 bello
586 3385 830 3462 concordiam
852 3384 1008 3490 quaeris,
1033 3410 1111 3484 quo
1136 3399 1245 3488 parta
1267 3383 1530 3458 disturbatur:
1556 3383 1681 3457 nostri]

274 3507 465 3611 proditor,
484 3508 561 3584 istis
579 3508 737 3599 infidus,
755 3507 872 3584 hostis
885 3507 1271 3583 omniumbonorum.
1296 3509 1351 3582 Vt
1361 3524 1535 3608 teneque
1551 3503 1676 3580 homi-

193 3623 196 3626 ’
274 3657 372 3706 num
391 3657 517 3734 neque
536 3631 698 3708 deorum
727 3629 867 3736 pudet,
893 3655 988 3735 quos
1010 3627 1209 3732 perfidem
1229 3645 1299 3704 aut
1320 3629 1489 3731 periurio
1507 3625 1675 3702 violasti!

276 3752 374 3852 Qui,
402 3753 560 3856 qaiando
584 3753 669 3830 talis
692 3779 756 3846 es,¹
782 3779 935 3832 maneas
957 3754 1000 3829 in
1034 3753 1226 3828 sententia
1244 3767 1282 3828 et
1305 3751 1474 3827 retineas-
1488 3775 1611 3836 arma,
1638 3761 1674 3822 te

265 3965 308 4034 *st
321 3958 383 4016 alia
402 3955 602 4033 mombmnae‚.
619 3957 718 4021 adbuc
740 3958 868 4022 in'cont.
891 3959 1003 4022 editum
1017 3960 1083 4022 fuit.
1102 3957 1202 4036 agitur
1221 3954 1300 4014 crum
1319 3954 1415 4018 Vatic.
1436 3951 1559 4031 angitur
1578 3952 1675 4012 ceteri.

274 4060 517 4122 antmmmmm
536 4062 576 4121 ita
587 4062 660 4124 biss-v
673 4073 787 4124 morant
799 4066 872 4124 olim
890 4065 1009 4124 editum·
1021 4064 1086 4122 fuit.
1105 4060 1204 4138 quibus
1216 4061 1384 4138 ademptum
1401 4075 1502 4116 omnes
1518 4054 1595 4130 iibri,
1612 4054 1675 4134 quis

260 4163 496 4244 ,Ediuapletot-
506 4173 569 4244 pot.
591 4164 675 4225 Prisca
688 4166 731 4238 t„
749 4187 780 4224 ιι
790 4207 800 4238 ,
817 4167 888 4227 256.
908 4167 969 4226 ἱείίε
986 4165 1094 4239 infidus
1112 4164 1210 4222 Vatic-
1230 4160 1373 4221 acceduut
1390 4164 1487 4240 piures
1499 4159 1567 4220 libri
1587 4158 1675 4221 Gisc-

264 4269 357 4350 ·sonii
379 4276 408 4328 ct
420 4264 537 4328 Ursini..
550 4264 667 4328 invidus
687 4267 950 4348 Edittfflfidans
967 4275 1017 4328 out
1030 4264 1163 4347 portatu
1179 4265 1220 4334 ita
1239 4283 1342 4324 cinnes
1357 4265 1422 4330 Mss.
1439 4265 1565 4346 perfidia
1584 4264 1675 4330 Editt.
