4560 5338
1652 438 1694 510 ι7

290 604 366 681 que
399 581 572 656 alienum
598 607 647 658 aes
670 581 814 686 grande
844 581 1093 675 conflaverat,
1118 611 1196 688 quo
1228 584 1436 691 flagitium,
1460 605 1529 664 aut
1547 586 1696 667 facinus

294 703 515 798 redimeret3
538 723 719 809 proeterea
744 731 872 781 omnes
890 707 1064 811 undique
1083 709 1301 812 parricida,
1326 711 1514 816 sacrilegi,
1529 713 1694 790 convicti

294 824 461 919 iudiciis,
486 846 556 904 aut
578 857 649 934 pro
675 830 783 916 factis
805 829 994 906 iudicium
1025 830 1217 925 timentes3
1251 831 1415 925 adhoc,
1440 860 1536 937 quos
1557 862 1701 942 manus

293 965 409 1051 atque
420 951 567 1055 lingua,
587 955 756 1056 periurio
771 970 839 1029 aut
854 954 1039 1056 sanguine
1055 954 1158 1028 civili
1178 956 1318 1060 alebat3
1341 975 1531 1060 postremo
1547 982 1694 1050 ornnes,

293 1097 386 1173 quos
409 1073 620 1178 flagitium,
643 1094 803 1180 egestas,
823 1079 994 1154 conscius
1012 1078 1164 1152 animus
1181 1081 1417 1184 exagitabat:
1443 1078 1487 1154 bi
1507 1080 1695 1157 Catilinae

290 1198 468 1299 proxumi
486 1198 769 1302 familiaresque
788 1218 906 1276 erant.
944 1201 1092 1298 Quodsi
1124 1202 1210 1302 quis
1236 1203 1390 1277 etiama
1414 1202 1529 1306 culpa
1553 1228 1696 1280 vacuus

214 1310 218 1316 ’
293 1317 334 1391 in
355 1319 563 1396 amicitiam
588 1323 668 1396 eius
687 1323 901 1414 inciderat,
926 1323 1119 1398 cotidiano
1142 1349 1215 1398 usu
1242 1342 1358 1427 atque
1376 1324 1562 1400 illecebris
1583 1325 1696 1402 facile

292 1467 365 1544 par
379 1443 588 1546 similisque
608 1447 738 1522 ceteris
755 1447 994 1522 efficiebatur.
1035 1447 1107 1522 Sed
1128 1465 1304 1522 maxume
1319 1447 1622 1522 adulescentium
1639 1447 1696 1523 fa-

293 1565 530 1642 miliaritates
549 1568 774 1672 adpetebat:
800 1597 933 1646 eorum
964 1571 1085 1645 animi
1106 1570 1237 1644 molles
1260 1585 1298 1644 et
1325 1586 1448 1644 aetate
1468 1570 1564 1644 lluxi
1598 1569 1696 1646 dolis

293 1686 397 1764 haud
415 1689 618 1766 difficulter
639 1693 899 1795 capiebantur.
924 1695 1021 1768 Nam
1046 1707 1092 1766 ut
1113 1693 1299 1794 cuiusque
1317 1693 1489 1766 studium
1504 1719 1551 1767 ex
1570 1708 1692 1768 aetate

291 1811 495 1916 flagrabat,
521 1815 605 1888 aliis
625 1832 746 1890 scorta
762 1817 962 1918 praebere,
986 1815 1071 1890 aliis
1089 1841 1200 1892 canes
1227 1830 1344 1917 atque
1360 1841 1477 1918 equos
1506 1816 1692 1910 mercari,

291 1953 479 2039 postremo
498 1964 622 2041 neque
646 1940 810 2029 sumtui,
837 1967 963 2042 neque
978 1939 1170 2016 modestiae
1195 1964 1274 2013 suae
1293 1964 1465 2042 parcere,
1487 1937 1591 2032 dum⁴
1608 1938 1695 2014 illos

292 2058 472 2136 obnoxios
484 2061 653 2164 fidosque
663 2063 735 2136 sibi
756 2061 902 2138 faceret.
940 2063 1041 2153 Scio,
1062 2062 1174 2137 lirisse
1191 2061 1420 2151 nonnullos,
1445 2060 1513 2163 qui
1533 2061 1586 2134 ita
1601 2063 1696 2137 exis·

291 2199 500 2275 tumerent,
514 2185 767 2276 iuventutem,
784 2211 870 2288 quae
885 2185 1044 2262 domum
1062 2185 1237 2262 Catilinae
1253 2183 1538 2287 frequentabat,
1554 2210 1695 2290 parum

289 2401 374 2440 orum
397 2391 484 2461 utque
498 2382 686 2459 facinorum,
713 2380 774 2440 Bae.
791 2403 815 2440 ι.
844 2379 925 2440 Leid.
941 2385 961 2440 l.
984 2381 1068 2440 Paris.
1080 2401 1108 2440 a.
1121 2402 1147 2441 c.
1166 2379 1197 2440 d.
1219 2380 1352 2440 meliores
1369 2359 1486 2440 Gruteri
1507 2390 1536 2440 et
1558 2377 1695 2441 Glareani

291 2485 387 2544 Codd.
400 2483 471 2568 lleg.
491 2487 584 2546 Mart.
595 2499 629 2549 Α.
651 2485 682 2544 Β.
698 2485 768 2544 Pub.
786 2507 825 2543 m.
841 2506 885 2566 pr.
907 2485 1003 2544 Guell.
1016 2485 1044 2544 3.
1055 2485 1122 2556 45.
1142 2485 1227 2543 ller'n.
1244 2505 1271 2544 ι.
1288 2485 1355 2543 sen.
1371 2483 1498 2543 1.Fabr.
1518 2507 1542 2543 1.
1554 2487 1583 2544 el
1600 2506 1694 2565 apro

290 2593 368 2652 varia
385 2593 519 2652 lectione.
541 2613 649 2662 manu,
663 2601 872 2670 ventrc,pene.
893 2589 1013 2648 itallae.
1031 2589 1176 2648 Commel.
1191 2589 1277 2647 Paris.
1290 2588 1320 2646 d.
1334 2587 1403 2669 'leg
1424 2589 1512 2648 Palat.
1526 2609 1552 2650 ι.
1564 2589 1593 2648 3.
1608 2587 1694 2650 Febr.

290 2707 383 2778 uterq.
404 2697 471 2756 Seu.
486 2708 579 2778 uterq.
600 2697 697 2756 Guell'.
710 2717 737 2756 2.
754 2696 781 2760 5.
802 2694 852 2754 sed
865 2697 953 2775 longe
965 2694 1087 2775 plurimi
1104 2692 1170 2754 atra
1189 2691 1306 2752 addunt
1318 2695 1365 2753 rel
1380 2701 1465 2764 unte,
1478 2695 1524 2754 vel
1541 2703 1610 2773 post
1628 2714 1696 2754 ma-

291 2821 340 2865 rm.
362 2803 427 2866 elea
443 2823 535 2861 mauu
550 2801 631 2861 Leid.
642 2823 667 2860 a.
682 2801 711 2860 b.
728 2801 794 2860 c.d.
808 2824 833 2862 e.
846 2803 866 2860 1.
876 2823 904 2882 g.
920 2799 952 2860 h.
967 2803 995 2859 k.
1010 2823 1050 2858 m.
1061 2821 1091 2858 n.
1118 2799 1206 2858 Palat.
1228 2817 1272 2856 ιι.
1294 2816 1340 2856 12.
1373 2795 1470 2855 Guelf.
1491 2818 1516 2854 ι.
1545 2797 1645 2866 Vinar.
1669 2819 1693 2856 ι.

293 2906 428 2968 Glareani
448 2919 476 2966 et
490 2920 545 2966 tres
562 2907 689 2966 Putsclrii
708 2918 826 2987 mscrpt.
847 2905 998 2964 Thoeanus
1013 2905 1146 2963 Palmerii
1166 2903 1252 2960 Paris.
1268 2901 1298 2959 b.
1318 2922 1344 2962 c.
1364 2921 1389 2960 e.
1419 2899 1488 2960 Tur.
1510 2921 1537 2961 ι.
1564 2900 1650 2961 Bern.
1664 2901 1694 2962 3.

292 3033 330 3070 m.
347 3033 375 3070 c..
390 3034 418 3071 v.
436 3035 467 3092 p.
489 3014 634 3071 Palatio.
655 3011 943 3094 Erbmunualaave.
971 3010 1032 3068 Bas.
1054 3031 1078 3072 ι.
1100 3008 1183 3079 alea,
1201 3026 1316 3086 ganeo,
1341 3025 1433 3064 manu
1447 3015 1502 3066 etc.
1522 3004 1644 3066 Parim.
1664 3027 1695 3066 a.

291 3139 330 3175 m.
342 3141 373 3196 p.
387 3139 415 3177 v.
438 3117 520 3177 Bern.
541 3141 564 3178 1.
582 3140 612 3197 p.
627 3139 655 3176 α.
670 3140 710 3176 m.
725 3117 744 3175 l.
763 3117 848 3177 Bern.
865 3136 892 3176 a.
919 3133 1027 3185 manu,
1045 3122 1167 3183 ventre,
1193 3111 1277 3181 alea,
1294 3129 1378 3189 pene.
1405 3109 1467 3168 Bas.
1483 3130 1510 3169 a.
1526 3109 1556 3180 1.
1575 3109 1644 3170 vin.
1667 3131 1695 3169 ι.

292 3243 331 3280 m.
348 3244 376 3282 v.
384 3245 415 3302 p.
427 3243 456 3281 a.
478 3223 567 3282 Patet.-
578 3224 607 3292 l.
627 3242 722 3302 ganeo
736 3233 762 3281 et
774 3222 838 3280 alea
855 3221 965 3280 omittit
976 3217 1057 3278 Leid.
1072 3221 1092 3275 l.
1114 3235 1207 3274 manu
1220 3216 1317 3274 omitt.
1338 3213 1422 3272 Rem.
1439 3233 1466 3270 ι.
1495 3211 1613 3272 adulter
1630 3213 1696 3273 alea

290 3347 402 3405 genere.
426 3327 512 3386 Palat.
529 3327 556 3386 5.
587 3327 653 3386 alea
673 3337 807 3406 practerea
820 3326 962 3396 retinent,
982 3322 1031 3380 sed
1052 3322 1168 3393 nescio,
1190 3339 1249 3398 quo
1268 3323 1356 3390 loco,
1376 3315 1473 3379 Guelf.
1495 3316 1524 3377 3.
1537 3316 1566 3388 l.
1581 3317 1610 3377 6.
1625 3319 1694 3397 7.8.

291 3454 319 3512 9.
336 3453 381 3491 ιο.
400 3454 444 3490 ιι.
461 3452 506 3492 ιι.
537 3433 632 3493 Strnr.
660 3430 748 3492 Acad.
770 3429 854 3488 Rem.
875 3449 900 3486 1.
929 3425 1050 3486 Eccard.
1078 3423 1112 3482 1ιί
1131 3419 1278 3482 Catilium.
1306 3422 1369 3481 su.
1395 3443 1420 3480 ι.
1449 3421 1519 3481 Tur.
1538 3441 1563 3480 1.
1586 3442 1614 3482 a.
1642 3422 1695 3481 hii.

291 3535 353 3596 Bm.
366 3557 394 3597 2.
415 3537 459 3620 hy
479 3557 579 3598 omnes
597 3537 659 3595 Bas.
671 3541 698 3598 3.
719 3535 774 3594 his.
793 3534 893 3604 ΒΜ.
914 3531 948 3589 1ιί
959 3549 1068 3590 omnes.
1089 3526 1148 3586 Erl.
1168 3525 1406 3586 adrdescenta'um.
1426 3526 1496 3588 Tur.
1516 3546 1543 3586 ι.
1563 3525 1649 3586 Bern.
1669 3547 1696 3588 1.

292 3641 452 3704 catiliano.
472 3641 556 3701 Bern.
568 3641 597 3701 3.
618 3641 677 3700 Erl.
698 3638 766 3700 Tur.
781 3661 806 3699 1.
827 3637 930 3699 cottid.
951 3634 1051 3696 molles
1065 3641 1151 3692 (etate
1164 3629 1291 3708 etflurri.
1310 3629 1373 3692 Bes.
1388 3651 1413 3690 ι.
1435 3649 1562 3710 namque
1571 3640 1604 3690 ut
1615 3630 1697 3692 cuitu

292 3747 372 3809 leid.
385 3769 412 3806 a.
433 3747 494 3806 Bas.
512 3768 537 3828 .¹·
559 3756 591 3805 ut
605 3767 707 3805 omnes
720 3744 783 3804 Bas.
800 3755 828 3804 et
843 3744 924 3804 Leid.
943 3742 1012 3801 Τιιι.
1032 3762 1058 3800 ι.
1076 3759 1102 3799 ι.
1122 3737 1208 3796 Bern.
1225 3755 1253 3796 a.
1274 3733 1422 3796 modestice
1438 3753 1569 3817 parcere.
1590 3733 1652 3793 Bne.
1665 3735 1695 3795 3.

288 3852 414 3934 domm.
425 3853 562 3931 fidosque
579 3851 642 3911 sibi.
661 3850 743 3910 Laid.
753 3872 779 3910 a.
791 3848 821 3908 b.
833 3848 863 3907 d.
875 3849 896 3907 l'.
908 3869 936 3930 g.
951 3847 979 3905 1.
993 3848 1014 3906 1.
1022 3863 1124 3905 omnes
1137 3842 1199 3902 Bu.
1216 3841 1275 3900 Erl.
1300 3839 1371 3899 Tur.
1391 3859 1416 3898 ι.
1430 3859 1460 3900 a.
1486 3838 1571 3900 Bern-
1583 3859 1608 3898 ι.
1620 3857 1648 3898 a.
1662 3837 1697 3898 3.

291 3960 323 4019 ὶιι
337 3957 420 4019 Leid.
437 3955 469 4016 h.
484 3957 504 4016 i.
524 3955 580 4015 eibi
590 3960 690 4016 locum
708 3964 811 4014 mutat.
831 3952 1051 4018 existumarent.
1071 3944 1134 4008 Bae.
1149 3969 1174 4008 1.
1195 3965 1298 4007 omnes
1308 3945 1390 4006 Leid.
1402 3953 1431 4004 et
1447 3944 1580 4004 meliores
1591 3941 1699 4004 Cortii·

288 4037 359 4123 Tur.
376 4085 400 4123 ι.
415 4083 442 4123 2.
454 4062 538 4122 Rern.
551 4083 576 4121 ι.
587 4080 615 4126 a.
627 4066 824 4154 adamarent.
838 4055 924 4118 Febr.
934 4067 1028 4136 uterq.
1042 4055 1110 4116 Seu.
1123 4063 1218 4133 uterq.
1227 4051 1327 4114 Heus.
1335 4047 1424 4110 dead.
1434 4047 1526 4109 Gnell
1535 4065 1563 4108 a·
1574 4045 1603 4120 Δ.
1616 4050 1697 4126 quod

295 4172 429 4230 retinent.
449 4167 512 4228 Bes.
528 4189 553 4228 ι.
573 4166 656 4227 Laid.
671 4186 699 4226 e.
712 4163 743 4225 b.
760 4165 789 4224 d.
808 4186 834 4225 e.
847 4166 868 4224 1.
884 4184 912 4245 g.
926 4161 958 4222 b.
972 4182 1003 4222 n.
1015 4161 1084 4222 Sen-
1103 4179 1130 4219 ι.
1152 4155 1248 4218 Guell.
1266 4176 1292 4215 1.
1306 4155 1335 4214 3.
1356 4153 1431 4212 Paris
1444 4171 1472 4212 e·
1485 4171 1513 4213 c.
1535 4154 1615 4232 quod
1630 4151 1696 4216 au·-

1310 4309 1331 4380 5
