4542 5318
1570 447 1573 456 '
1606 442 1677 514 283

279 647 355 724 que
384 619 628 707 dictatorem,
663 632 800 721 preter
837 640 978 694 nomen
1011 613 1187 722 imperii,
1217 615 1427 718 quicquam
1454 613 1678 716 interfuerit„

276 742 350 818 Sed
375 742 471 844 quid
490 766 566 845 :ego
589 741 703 843 plura
731 738 778 815 de
804 756 872 815 tua
897 739 1099 815 insolentia
1123 742 1436 814 commemorem?
1471 765 1586 842 quem
1606 739 1679 813 Mi-

277 890 392 940 nerva
416 863 539 938 omnis
566 862 656 934 artis
682 861 855 951 edocuit,
880 862 1028 968 Iupiter
1055 877 1235 966 optumus
1257 887 1459 936 maxumus
1484 861 1528 936 in
1552 862 1679 936 conci·

278 985 376 1062 lium
398 985 557 1062 deorum
583 983 752 1074 admisit,
768 983 879 1060 Italia
899 986 1065 1061 exsulem
1075 981 1245 1060 humeris
1257 984 1333 1059 suis
1347 985 1561 1091 reportavit.
1599 985 1678 1060 Oro

278 1125 334 1198 tc,
358 1108 518 1184 Romule
533 1107 714 1210 Arpinas,
739 1107 808 1210 qui
833 1105 977 1212 egregia
996 1123 1062 1182 tua
1089 1107 1229 1183 virtute
1251 1133 1381 1184 omnes
1400 1107 1572 1196 Paullos,
1605 1109 1679 1181 Fa-

277 1231 382 1320 bios,
421 1231 613 1334 Scipiones
637 1229 841 1333 superasti,
873 1257 990 1331 quem
1016 1230 1173 1307 tandem
1202 1231 1331 1306 locum
1355 1230 1398 1304 in
1423 1229 1497 1304 hac
1528 1230 1680 1306 civitate

279 1353 450 1428 obtines?
475 1376 561 1454 quae
575 1352 645 1425 tibi
657 1367 782 1456 partas
800 1348 1022 1457 reipublicae
1035 1350 1210 1455 placenti
1235 1379 1351 1455 quem
1363 1352 1547 1442 amicum,
1564 1379 1680 1456 quem

279 1474 483 1551 inimicum
501 1473 645 1550 habesl
678 1475 741 1549 cui
772 1472 815 1548 in
845 1473 996 1549 civitate
1017 1474 1139 1550 fecisti
1160 1475 1335 1566 insidias,
1359 1475 1576 1550 ancillaris:
1602 1503 1679 1577 quo

278 1600 379 1684 iure,
405 1623 494 1671 cum
517 1597 565 1670 de
584 1595 714 1670 exsilio
737 1611 803 1676 tuo
826 1596 1041 1700 Dyrrachio
1053 1597 1202 1688 redisti,
1216 1623 1307 1672 eum
1321 1598 1561 1700 sequebaris?
1585 1623 1680 1700 quos

278 1735 461 1822 tyrannos
490 1717 724 1820 appellabas,
749 1744 882 1794 eorum
910 1720 1092 1822 potentiae
1120 1719 1241 1796 faves:
1268 1719 1337 1821 qui
1359 1720 1431 1794 tibi
1464 1737 1553 1795 ante
1582 1721 1681 1823 opti-

278 1857 395 1916 mates
430 1840 679 1928 videbantur,
716 1839 867 1916 eosdem
900 1839 1088 1916 dementis
1120 1867 1166 1916 ae
1197 1840 1357 1918 fiuiosos
1374 1866 1493 1920 vocas.
1531 1842 1681 1918 Vatinii

279 1989 447 2038 caussam
459 1962 557 2066 agis:
584 1961 632 2036 de
644 1961 768 2035 Sextio
787 1961 887 2036 male
900 1961 1126 2037 exismmas:
1152 1963 1333 2038 Bibulum
1353 1957 1676 2066 petulantissumis

269 2085 547 2160 aemulandis:
575 2083 707 2157 laudas
730 2085 936 2158 Caesaremt
960 2111 1077 2186 quem
1095 2109 1273 2160 maxume
1292 2083 1423 2175 odisti,
1446 2086 1481 2160 ei
1503 2111 1680 2164 maxume

279 2205 521 2308 obsequeris:
557 2203 666 2278 aliud
684 2188 809 2293 siam,
833 2201 943 2278 aliud
968 2206 1120 2296 sedens,
1151 2206 1200 2282 de
1223 2205 1422 2309 republica
1443 2207 1557 2282 sentis
1581 2239 1589 2280 ι
1620 2204 1680 2284 his

278 2326 488 2414 maledicis,
517 2323 601 2398 illos
619 2323 756 2396 odisti:
781 2325 976 2399 levissuma
999 2327 1213 2430 transfuga!
1239 2354 1364 2430 neque
1380 2329 1422 2402 in
1442 2325 1532 2420 hac,
1554 2355 1679 2433 neque

279 2450 345 2525 illa
363 2444 609 2552 partesxdem
628 2440 780 2518 babens
890 2491 895 2502 ·

280 2649 349 2711 odio
360 2647 406 2708 tui
423 2648 483 2706 inc.
503 2641 678 2702 imsclabcre
693 2637 788 2699 vubz's
806 2636 886 2698 Laid.
901 2660 927 2699 c.
948 2635 1083 2715 interficit
1102 2637 1164 2699 lias.
1184 2639 1280 2701 omni
1294 2642 1376 2707 artis.
1391 2641 1453 2701 Bas.
1475 2643 1507 2700 in
1521 2646 1680 2708 ooncdiwn

280 2757 339 2814 inc.
360 2725 589 2820 Mithracenes,
619 2744 735 2824 Popmae
749 2740 819 2802 libri
838 2745 879 2803 iu
894 2741 1040 2816 Quinclil.
1060 2741 1094 2802 in
1112 2744 1235 2804 consilio
1250 2748 1298 2808 vel
1315 2745 1468 2808 sonetum
1487 2749 1601 2828 reliqui.
1632 2770 1679 2813 rs.

280 2855 376 2929 diz'sli,
396 2874 481 2934 quem
493 2847 622 2914 &lauti
639 2845 817 2929 persequeris
835 2846 917 2908 Laid.
929 2868 956 2908 c.
983 2865 1050 2908 aem
1061 2847 1185 2926 sanas
1202 2847 1266 2909 Bas.
1283 2849 1370 2930 caplis
1392 2851 1430 2914 de
1449 2850 1595 2924 republica
1614 2851 1677 2918 Bas,

280 2961 400 3024 Lcidc
411 2955 631 3036 fidemlaoas
651 2952 713 3018 Bas·
733 2951 851 3034 hidi-
870 2950 923 3016 Aa.
943 2950 1028 3017 nem.
1046 2951 1156 3018 Ιιαὰωιὶ
1172 2950 1303 3020 Galliae.
