4542 5318
1624 310 1697 380 233

295 487 432 575 praeter
450 497 557 578 spem
576 473 723 548 bonam
754 495 801 548 ex
829 469 952 559 vobis,
977 496 1063 574 quoe
1083 487 1228 582 metum
1252 475 1361 574 sicit,
1382 475 1499 552 statui
1522 478 1698 556 certami-

179 587 182 594 ’
295 595 354 670 nis
377 595 531 672 advorsa
553 623 624 701 pro
642 595 817 670 libertate
837 594 986 699 potiora
1009 583 1083 672 esse
1101 595 1191 671 lorti
1210 597 1600 700 viro-quamomnino
1615 612 1697 677 non

295 719 498 794 certavisse.
531 719 781 820 Quamquam
801 743 931 794 omnes
955 717 1022 793 alii
1041 720 1158 794 creati
1176 745 1247 822 pro
1262 720 1345 813 iure
1356 737 1477 794 vestro
1490 721 1569 795 vim
1581 747 1699 798 cunc·

296 853 376 915 tam
399 856 437 915 et
455 835 614 946 imperia
634 865 702 916 sua
727 839 862 943 gratia,
890 855 959 913 aut
977 866 1061 944 spe,
1086 857 1155 915 aut
1170 841 1335 944 praemiis
1354 841 1396 916 in
1418 868 1482 917 vos
1502 847 1723 920 convortess·

297 987 338 1037 re
362 962 573 1065 meliusque
599 960 750 1060 babent⁴
772 962 943 1037 mercede
963 961 1186 1065 delinquere
1210 990 1328 1065 quam
1346 962 1461 1067 gratis
1484 979 1583 1038 recte
1600 964 1719 1043 face.

296 1109 344 1156 re.
370 1087 506 1187 Itaque
527 1109 655 1158 omnes
675 1109 885 1158 concessere
906 1083 1043 1158 iamin
1065 1111 1279 1188 paucorum
1296 1084 1612 1175 dominationem,
1629 1088 1699 1189 qui

296 1230 366 1306 per
399 1206 565 1280 militare
590 1232 750 1292 nomen,
774 1205 973 1295 aerarium,
998 1206 1204 1297 exercitus,
1228 1233 1361 1311 regna,
1385 1208 1600 1312 provincias
1635 1233 1698 1284 oc-

297 1353 500 1432 cuparere,
525 1343 563 1402 et
581 1354 706 1404 arcem
727 1326 874 1401 babent
896 1353 941 1400 ex
956 1326 1086 1430 spoliis
1109 1326 1267 1404 restris:
1297 1356 1420 1431 quum
1442 1330 1597 1404 interim
1618 1357 1699 1406 mo·

296 1474 338 1524 re
365 1477 546 1553 pecorum
582 1475 646 1525 vos
678 1448 889 1524 multitudo
915 1448 1074 1550 singulis
1103 1446 1300 1524 habendos
1327 1450 1585 1553 fruendosque
1602 1478 1699 1554 proe-

202 1667 205 1672 ·
297 1571 408 1662 betis,
435 1573 556 1646 exsuti
587 1573 783 1660 omnibus,
808 1597 894 1674 quae
926 1570 1086 1645 maiores
1117 1569 1329 1672 reliquere:
1355 1572 1428 1646 nisi
1457 1573 1547 1672 quia
1578 1573 1700 1648 robis-

298 1710 376 1767 met
395 1692 466 1797 ipsi
485 1721 554 1797 per
572 1695 769 1799 suffragia,
802 1692 861 1767 uti
890 1691 1064 1795 presides
1089 1692 1200 1782 olim,
1224 1718 1331 1766 nunc
1362 1693 1541 1767 dominos
1572 1693 1701 1768 desti·-

298 1815 405 1890 natis.
454 1820 588 1918 ltaque
608 1841 820 1891 concessere
850 1814 931 1888 illic
956 1837 1105 1889 omnes:
1138 1829 1177 1888 et
1202 1839 1309 1901 mox,
1340 1813 1371 1886 si
1401 1830 1521 1888 vestra
1552 1841 1701 1918 recepe·

298 1937 395 2027 ritis,
427 1938 567 2013 advos
597 1937 781 2012 redibunt
811 1935 993 2040 plerique.
1037 1934 1144 2008 Raris
1173 1935 1278 2008 enim
1300 1934 1452 2010 animus
1477 1951 1531 2010 est
1558 1935 1701 2028 adea,

299 2083 385 2160 quae
404 2059 587 2161 placent,
611 2057 858 2134 defendenda.
903 2057 1025 2132 Ceteri
1060 2056 1292 2132 validiorum
1318 2079 1418 2132 sunt.
1449 2061 1511 2132 An
1537 2056 1702 2132 dubium

301 2177 464 2271 habitis,
499 2206 549 2257 ne
581 2181 742 2256 oblicere
772 2179 869 2281 quid
903 2178 1009 2253 vobis
1040 2204 1121 2253 uno
1147 2179 1278 2254 animo
1303 2179 1546 2284 pergentibus
1567 2180 1701 2284 possit,
1820 2243 1822 2247 ,

300 2327 395 2406 quos
432 2301 631 2407 languidos
665 2301 912 2401 socordesque
942 2300 1208 2400 pertimuere?
1260 2302 1334 2375 nisi
1374 2301 1472 2377 forte
1505 2307 1542 2378 G
1573 2281 1704 2394 Cotta,

300 2451 346 2500 ex
375 2423 541 2500 factione
562 2423 687 2498 media
708 2420 875 2509 Consul,
901 2419 1013 2493 aliter
1043 2447 1161 2520 quam
1191 2438 1298 2496 metu
1325 2423 1410 2496 iura
1435 2425 1612 2523 quedam
1636 2425 1704 2499 tri-

302 2547 418 2624 bunis
443 2546 569 2651 plebei
597 2543 780 2635 restituit3
813 2557 852 2617 et
877 2567 1114 2643 quamquam
1135 2543 1173 2615 L
1199 2541 1362 2616 Sicinius
1387 2543 1534 2646 primus
1564 2544 1612 2619 de
1636 2571 1705 2649 po·

302 2685 431 2746 testate
457 2667 664 2743 tribunicia
693 2663 802 2767 loqui
827 2688 961 2752 ausus,
997 2664 1252 2764 mussantibus
1290 2664 1396 2739 vobis
1421 2665 1703 2742 circumventus

301 2808 413 2868 erat:
460 2808 587 2866 tamen
615 2788 722 2893 prius
761 2785 821 2862 illi
852 2783 1038 2859 invidiam
1069 2801 1262 2874 metuere,
1301 2812 1418 2887 quam
1450 2775 1516 2862 ros
1549 2787 1703 2866 iniuriae

300 2911 503 3020 pertaesum
541 2928 603 2988 est.
655 2909 771 3008 Quod
800 2934 868 3013 ego
896 2932 1045 3008 nequeo
1071 2907 1159 2982 satis
1191 2907 1344 2998 mirari,
1377 2909 1557 3006 Quirites.
1588 2911 1704 2987 'Nam

301 3023 408 3142 spem
425 3033 565 3108 fr‘mtm
589 3033 702 3108 luisse
716 3030 958 3106 intellexistis
995 3028 1101 3104 Sulla
1119 3045 1288 3119 mortuo,
1320 3031 1389 3132 qui
1416 3030 1614 3107 scelestum
1630 3033 1704 3107 im·

302 3171 481 3264 posuerat
504 3154 716 3242 servitium,
753 3153 868 3226 finem
897 3151 991 3224 mali
1021 3150 1237 3226 credebatis
1287 3152 1404 3226 Orsus
1429 3165 1485 3227 est
1509 3152 1622 3258 longe
1640 3179 1705 3230 sae·

302 3282 385 3356 vior
420 3275 585 3354 Catulus
629 3274 834 3349 Tumultus
853 3272 1076 3347 *intercessit
1103 3275 1220 3348 Bruto
1257 3288 1296 3347 et
1324 3274 1499 3350 Aemilio.
1513 3277 1706 3354 Mamerco

307 3401 552 3492 Consulibus5
576 3397 665 3473 dein
688 3399 726 3474 G
747 3395 863 3472 Curio
884 3393 934 3469 ad
956 3393 1115 3468 exitium
1138 3421 1259 3498 usque
1289 3394 1449 3471 insontis
1471 3396 1620 3476 tribuni
1639 3399 1706 3476 ‹lo-

389 3619 436 3680 22'.
466 3617 501 3698 Si
517 3621 599 3700 (amp
616 3637 662 3678 ac.
690 3615 752 3676 baec
769 3611 870 3674 laudat
890 3611 970 3672 Don.
990 3610 1029 3671 ad
1048 3610 1166 3674 Phorm.
1195 3636 1227 3688 r,
1252 3637 1283 3689 1,
1311 3635 1357 3674 ιι.
1387 3615 1534 3690 disajiu'l
1551 3621 1591 3678 ita
1612 3619 1703 3680 Velie.

306 3725 381 3785 Bric.
396 3723 480 3784 Fabr.
490 3725 598 3802 subet
608 3725 707 3806 vulgo.
721 3721 771 3780 alii
788 3717 856 3777 libri
875 3724 986 3776 vosmet
1000 3713 1069 3794 ipsi,
1083 3719 1133 3775 alii
1146 3718 1284 3779 nobismet
1299 3718 1380 3798 ἱρείη
1400 3718 1538 3778 vobismet
1555 3719 1611 3799 ι’μί
1623 3719 1707 3782 haud

307 3828 395 3888 dubie
411 3826 577 3908 legendum.
598 3825 734 3886 redibunt
749 3819 888 3902 plerique.
910 3819 1044 3879 recubum
1065 3839 1125 3882 om
1145 3819 1219 3882 liber
1232 3821 1340 3880 Ursini.
1372 3841 1443 3880 num
1465 3827 1579 3899 officm
1598 3833 1706 3885 reterre

306 3929 394 4003 libri,
415 3949 487 4010 quos
504 3927 625 3988 Ursinus
643 3927 752 3986 laudat.
772 3927 842 3984 item
852 3923 966 3982 Balliol.
979 3922 1092 3982 Wassii.
1107 3913 1144 3982 nt
1161 3927 1260 4004 vulgo.
1274 3933 1553 4004 quom-pertaesum
1564 3925 1705 3986 &Fron-

308 4045 339 4094 to
363 4053 387 4094 s.
406 4055 434 4094 r.
442 4039 611 4112 portarunt.
631 4027 757 4095 Aemilio
773 4025 935 4090 Mammea.
955 4023 1080 4086 Aemilio
1104 4045 1123 4084 o,
1159 4068 1167 4085 .
1189 4027 1282 4090 Vatic-
1303 4027 1449 4087 ineam
1465 4029 1631 4106 agebantur
1643 4029 1705 4090 Va.

1259 4157 1308 4226 50
