4542 5318
1546 327 1613 408 :331

213 487 487 609 opportunius,
505 489 675 608 patefeci.
725 503 862 606 Recepi
881 502 1071 593 Galliam,
1096 505 1333 608 Pyrenaeum,
1362 510 1616 605 Laletaniam,

212 628 425 732 Indigetes:
449 643 488 705 et
511 624 683 731 primum
710 627 896 730 impetum
929 627 1083 721 Sertorii
1102 629 1253 703 victoris
1277 633 1383 705 noris
1407 633 1616 736 [quidem]

212 749 401 824 militibus
418 765 457 824 et
474 749 600 823 multo
618 749 863 852 paucioribus
884 747 1074 824 sustinui:
1098 749 1338 856 hiememque
1356 754 1397 828 in
1416 758 1544 832 castris
1558 758 1616 834 in·
1678 834 1682 840 ,

214 889 271 947 ter
293 861 522 947 saevissumos
546 869 690 963 hostis,
717 899 798 948 non
821 899 890 976 per
915 872 1054 976 oppida
1078 899 1204 977 neque
1225 903 1271 951 ex
1299 877 1508 953 ambitione
1532 907 1615 956 mea

212 995 289 1100 egi5
314 995 411 1096 qnid
431 994 522 1069 <lein
552 994 682 1097 praelia
714 1011 784 1070 ant
809 995 1068 1098 expeditiones
1096 995 1292 1089 hibernas,
1318 1001 1460 1104 oppida
1495 1003 1614 1077 excisa
1673 1062 1676 1068 .

212 1133 282 1192 aut
306 1132 455 1221 recepta
470 1119 714 1191 enumerem?
740 1117 900 1220 quando
923 1145 980 1194 res
1001 1119 1088 1222 plus
1113 1121 1214 1196 valet
1233 1149 1351 1225 quam
1371 1125 1494 1199 rerba.
1547 1128 1615 1201 Ca-

210 1257 287 1315 stra
308 1238 477 1315 hostium
492 1239 598 1343 apud
609 1240 817 1316 Sucronem
833 1257 965 1344 capta,
992 1258 1030 1316 et
1052 1243 1230 1346 praelium
1249 1246 1355 1348 apud
1379 1245 1524 1324 flumen
1538 1251 1616 1326 Tu-

211 1364 331 1452 riam,
357 1381 395 1438 et
416 1362 496 1438 dux
516 1361 684 1438 hostium
704 1367 741 1438 G
762 1366 977 1440 Herennius
998 1392 1087 1440 cum
1101 1368 1201 1442 urbe
1219 1368 1397 1443 Valentia
1422 1386 1461 1444 et
1477 1371 1615 1446 exerci-

211 1501 256 1561 tu
282 1486 414 1576 deleti,
438 1486 526 1561 satis
551 1488 653 1561 clara
676 1487 780 1561 robis
796 1504 904 1582 sunt3
928 1515 998 1591 pro
1022 1489 1131 1590 quis,
1157 1491 1291 1594 ograti
1315 1495 1464 1582 Patres,
1478 1511 1614 1598 egesta-

211 1627 290 1686 tem
310 1625 349 1686 et
362 1607 505 1685 famam
522 1609 686 1686 redditis.
709 1613 845 1713 Itaque
859 1636 946 1686 meo
956 1609 1174 1686 ethostium
1188 1614 1369 1689 exercitui
1390 1643 1462 1718 par
1480 1617 1613 1692 condi-

211 1731 347 1808 tio-est
396 1733 570 1836 Namque
587 1732 823 1836 stipendium
842 1733 971 1809 neutri
991 1733 1132 1809 datur:
1157 1735 1279 1810 victor
1298 1751 1460 1840 uterque
1482 1738 1523 1812 in
1539 1742 1615 1814 Ita·

210 1853 305 1930 liam
328 1855 457 1931 venire
484 1834 616 1960 potest
665 1855 782 1952 Quod
806 1881 873 1961 ego
902 1881 966 1932 ros
992 1883 1132 1933 moneo
1151 1883 1353 1961 quaesoque
1374 1876 1419 1935 ut
1443 1861 1615 1937 animad-

209 1977 384 2068 vortatis,
407 2003 486 2053 neu
502 1976 641 2080 cogatis
655 1979 936 2054 necessitatibus
954 1980 1135 2083 privatim
1155 1978 1252 2055 mihi
1276 1983 1479 2058 consulere.
1529 1983 1615 2058 His·

210 2100 368 2204 paniam
380 2100 611 2189 citeriorem,
636 2125 722 2202 quae
738 2129 818 2176 uon
839 2101 889 2175 ab
903 2099 1077 2177 hostibus
1092 2119 1262 2194 tenetur,
1285 2131 1354 2180 nos
1374 2122 1442 2180 aut
1459 2106 1615 2181 Sertori-

213 2247 258 2298 us
291 2221 341 2297 ad
376 2221 675 2297 internecionem
710 2222 937 2297 vastavimus
958 2255 968 2315 3
1001 2241 1138 2326 praeter
1170 2228 1393 2302 maritumas
1419 2229 1614 2325 civitates,

210 2369 298 2448 quae
311 2345 416 2420 ultro
435 2344 546 2419 nobis
566 2342 739 2446 sumptui
757 2343 949 2444 onerique.
983 2343 1110 2418 Gallia
1129 2349 1328 2448 superiore
1346 2375 1450 2424 anno
1468 2353 1614 2426 Metelli

210 2468 419 2544 exercitum
439 2466 628 2570 stipendio
648 2463 919 2567 frumentoque
938 2464 1037 2539 aluit
1059 2497 1067 2536 ε
1090 2482 1129 2539 et
1156 2495 1263 2542 nunc
1295 2472 1404 2542 malis
1425 2473 1613 2547 fructibus

210 2591 292 2694 ipsa
318 2589 382 2665 rix
396 2590 524 2694 agitat
572 2591 651 2694 Ego
672 2612 754 2662 non
778 2613 860 2661 rem
881 2585 1108 2661 familiarem
1129 2588 1261 2678 modo,
1283 2617 1416 2700 rerum
1435 2593 1549 2666 etiam
1572 2595 1614 2668 li-

209 2711 299 2790 dem
323 2711 549 2818 consumpsi.
566 2725 568 2728 ’
585 2711 739 2813 Reliqui
769 2735 834 2786 ros
856 2709 969 2786 estis:
995 2709 1064 2811 qui
1086 2709 1159 2785 nisi
1179 2713 1408 2803 subvenitis,
1433 2714 1556 2790 invito
1576 2734 1614 2791 et

208 2833 440 2942 praedicente
457 2861 539 2925 me,
559 2833 744 2910 exercitus
763 2832 863 2911 bine
889 2851 927 2909 et
948 2859 1038 2908 cum
1058 2859 1106 2908 eo
1125 2860 1237 2910 omne
1254 2834 1402 2911 bellum
1418 2837 1613 2944 Hispaniae

209 2960 253 3036 in
271 2958 424 3034 Italiam
447 2957 779 3062 transgredientur.
1535 2971 1538 2974 ·

323 3105 376 3153 12.
400 3078 575 3180 Namque
598 3077 680 3172 his,
704 3095 847 3182 praeter
864 3079 974 3154 solita
1003 3079 1148 3156 vitiosis
1159 3082 1462 3185 magistratibus,
1488 3112 1611 3188 quum

209 3229 279 3307 per
297 3207 451 3276 omnem
471 3198 710 3303 provinciam
731 3200 1008 3276 infecunditate
1029 3202 1176 3276 biennii
1193 3206 1371 3306 proxumi
1390 3234 1503 3311 grave
1523 3236 1611 3312 pre·

210 3326 310 3400 tium
332 3323 532 3400 fructibus
546 3338 645 3398 esset
670 3365 722 3384 -
751 3329 808 3396 15,
828 3322 881 3395 Hi
906 3323 1066 3397 saltibus·
1089 3326 1309 3428 occupatis,
1332 3345 1416 3404 tum
1441 3346 1613 3407 externo·

211 3475 301 3524 rum
325 3473 431 3552 egros
453 3447 648 3522 invasere:
675 3443 936 3545 frumentique
955 3471 1001 3518 ex
1020 3445 1151 3548 inopia
1169 3449 1275 3550 gravi
1294 3452 1404 3526 satias
1428 3452 1541 3529 lacta.
1565 3500 1614 3522 .-

218 3579 275 3664 14.
297 3569 427 3670 Neque
452 3569 529 3644 iam
543 3568 722 3644 sustineri
743 3581 893 3672 poterat
911 3567 1139 3642 immensum
1170 3588 1283 3646 aucto
1303 3577 1399 3650 mari
1432 3593 1471 3652 et
1499 3595 1613 3655 vento

214 3691 396 3799 gliscenti.
420 3737 471 3753 -
499 3691 552 3768 15.
576 3695 731 3767 Actum
751 3715 947 3782 maxume,
972 3691 1033 3766 uti
1049 3691 1144 3767 solet
1163 3697 1337 3771 extremis
1360 3699 1401 3770 in
1424 3698 1550 3790 rebus,
1564 3700 1613 3774 si-

209 3817 252 3894 bi
272 3815 437 3919 quisque
458 3815 708 3893 carissumum
726 3814 832 3891 domi
852 3813 1068 3907 recordari,
1090 3819 1298 3920 cunctique
1322 3821 1498 3896 omnium
1511 3821 1614 3898 ordi-

209 4013 305 4077 Etiam
328 4009 392 4071 baec
407 4010 531 4090 epistola
547 4011 623 4072 inest
640 4009 745 4086 libris,
771 4011 940 4086 Vaticano,
966 4009 1084 4072 Nicolai
1102 4011 1192 4074 Fabri
1207 4024 1236 4074 et
1259 4013 1423 4076 cardinalis
1444 4017 1612 4096 Brieoneti,

210 4137 338 4204 quorum
357 4115 515 4195 scripturas
528 4111 632 4174 Cereio
653 4135 672 4176 a
693 4121 823 4178 Puteauo
844 4116 971 4195 accepit.
1003 4112 1196 4176 neronum
1221 4121 1322 4199 vulgo.
1351 4119 1612 4214 Indr'getesl'atiq

208 4223 321 4290 Febris.
340 4219 416 4282 Bric.
435 4218 517 4285 novis
534 4218 652 4299 rutilam
670 4217 757 4286 sulit.
775 4219 893 4298 qudem
912 4238 979 4279 cm.
1001 4217 1091 4280 Febr.
1107 4217 1183 4282 Bric-
1203 4229 1232 4281 «ι
1249 4239 1321 4303 quos
1340 4221 1478 4286 Ciaccon.
1503 4228 1612 4299 laudat,
