4582 5320
608 489 659 590 64

608 699 697 750 vero
719 683 915 764 maxume3
938 669 1003 746 sed
1024 666 1162 745 inertia
1189 681 1228 742 et
1252 663 1415 742 mollitia
1436 663 1578 756 animi,
1604 661 1701 756 alius
1728 661 1851 740 olium
1869 686 2017 767 exspec-

608 809 731 873 tantes
751 791 1008 878 cunctamini,
1034 791 1091 868 dis
1114 788 1393 866 immortalibus
1412 787 1562 878 confisi,
1588 787 1656 892 qui
1679 785 1783 864 hanc
1804 784 2014 892 rempubli-

607 943 692 997 cam
710 919 752 995 in
772 917 959 995 maxumis
978 940 1075 1020 saepe
1100 912 1279 1019 periculis
1297 938 1495 990 servavere.
1531 911 1617 987 Non
1636 910 1751 1002 votis,
1777 935 1903 1015 neque
1924 935 2012 1015 sup·

606 1041 730 1147 pliciis
750 1041 1003 1118 muliebribus
1026 1037 1168 1115 auxilia
1186 1035 1347 1114 deorum
1366 1051 1580 1142 parantur:
1616 1031 1828 1140 vigilando,
1853 1033 2014 1138 agendo,
2059 1069 2065 1092 .

568 1212 569 1216 =
605 1165 701 1242 hene
724 1163 958 1242 consulendo
981 1187 1160 1268 prospera
1180 1159 1308 1236 omnia
1332 1159 1499 1236 cedunt:
1525 1157 1593 1233 ubi
1621 1156 1801 1234 socordiae
1833 1172 1869 1232 te
1900 1172 2014 1260 asapia

606 1288 763 1392 ignaviae
793 1285 1013 1376 tradideris,
1049 1283 1308 1386 nequicquam
1338 1281 1425 1356 deos
1451 1280 1628 1383 implores
1641 1312 1652 1374 3
1687 1281 1775 1354 irati
1812 1279 2013 1382 infestique

602 1427 701 1484 sunt.
740 1411 854 1515 Apud
874 1410 1032 1484 maiores
1061 1422 1208 1481 nostros
1232 1407 1274 1480 Α.
1291 1404 1460 1479 Manlius
1481 1405 1698 1497 Torquatus
1729 1402 1830 1478 bello
1860 1401 2010 1477 Gallico

603 1532 729 1607 filium
756 1559 890 1622 suum,
929 1531 1035 1635 quod
1063 1531 1093 1604 is
1115 1545 1249 1604 contra
1283 1526 1487 1631 imperium
1520 1527 1562 1602 in
1592 1524 1739 1602 hostem
1761 1541 2010 1631 pugnaverat,

602 1658 729 1732 necari
753 1658 883 1740 iussit,
910 1673 1026 1756 atque
1054 1653 1120 1728 ille
1144 1650 1311 1755 egregius
1333 1650 1552 1726 adulescens
1571 1649 1829 1725 immoderatae
1856 1649 2008 1724 sortitu·

601 1779 702 1853 dinis
730 1796 853 1853 morte
882 1803 1015 1880 poenas
1044 1774 1159 1850 dedit.
1201 1777 1278 1848 Vos
1301 1772 1348 1848 de
1372 1773 1651 1850 crudelissumis
1683 1772 1883 1878 parricidis
1912 1773 2007 1875 quid

600 1903 790 1991 statuatis,
824 1901 1087 1975 cunctamini?
1131 1897 1321 1974 Videlicet
1346 1897 1422 1972 vita
1446 1879 1568 1973 cetera
1597 1923 1731 1972 eorum
1756 1895 1851 1972 huic
1879 1897 2007 1972 sceleri

602 2024 732 2098 obstat.
768 2022 1077 2126 Verum¹parcite
1099 2019 1278 2125 dignitati
1301 2019 1475 2112 Lentuli,
1507 2020 1539 2096 si
1566 2020 1644 2124 ipse
1668 2022 1881 2126 pudicitiae,
1905 2021 1934 2096 si
1953 2021 2007 2095 fa·

600 2172 673 2221 mae
693 2172 788 2236 suae,
813 2147 843 2220 si
868 2145 925 2220 dis
948 2161 1017 2220 aut
1036 2143 1260 2219 hominibus
1288 2171 1474 2247 umquam
1504 2144 1593 2219 ullis
1610 2146 1802 2249 pepercit:
1829 2144 2007 2249 ignoscite

602 2268 755 2372 Cethegi
776 2269 1062 2359 adulescentiae5
1086 2267 1159 2343 nisi
1180 2269 1319 2344 iterum
1337 2269 1472 2372 patriae
1492 2268 1639 2344 bellum
1662 2269 1759 2345 fecit
1799 2269 1896 2343 Nam
1910 2267 2006 2369 quid

599 2418 667 2496 ego
690 2392 737 2466 de
755 2392 942 2478 Gabinio,
975 2391 1147 2481 Statilio,
1182 2393 1357 2495 Caepario
1392 2391 1556 2494 loquar?
1582 2393 1723 2495 quibus
1743 2392 1773 2466 si
1795 2393 2003 2494 quicquam

598 2541 783 2618 umquam
801 2513 907 2620 pensi
932 2513 1077 2603 luisset,
1104 2541 1184 2588 non
1210 2541 1254 2590 ea
1287 2514 1445 2590 consilia
1475 2515 1523 2590 de
1545 2515 1741 2619 republica
1773 2513 2002 2590 habuissent

562 2689 566 2696 -
599 2640 962 2746 Postremo,·Patres
983 2637 1208 2741 conscripti,
1233 2636 1264 2712 si
1285 2637 1502 2714 mehercule
1518 2655 1673 2742 peceato
1694 2639 1798 2715 locus
1812 2655 1921 2728 esset,
1949 2637 2002 2712 la·

596 2761 667 2836 cile
688 2777 854 2863 paterer,
884 2785 945 2834 ros
973 2760 1052 2864 ipsa
1074 2786 1114 2835 re
1140 2759 1293 2866 corrigi,
1311 2742 1497 2864 quoniam
1516 2761 1630 2837 verba
1656 2762 1915 2854 contemnitis3
1938 2761 2002 2837 sed

593 2985 731 3052 lectione,
742 2983 826 3062 bern.
840 2982 868 3051 4.
890 2991 976 3060 atquc
993 2982 1080 3042 etiam
1096 2993 1236 3044 armatos.
1257 2985 1347 3044 ctiam
1363 2985 1448 3044 omis.
1463 2983 1610 3048 Commsl.
1636 2983 1724 3043 Pelet.
1741 3005 1767 3042 r.
1780 3003 1807 3042 2.
1827 2983 1922 3042 Strur.
1943 2983 2001 3042 Fa·

592 3088 666 3148 bric.
683 3098 776 3167 uterq.
798 3087 863 3146 lice.
885 3085 982 3145 Guell.
1001 3108 1026 3145 1.
1038 3087 1066 3146 3.
1084 3088 1112 3146 5.
1133 3087 1201 3170 Teg.
1222 3107 1259 3146 nc
1279 3087 1335 3147 isto
1350 3087 1430 3148 vobis
1441 3108 1535 3147 maras.
1561 3086 1669 3161 timeo,
1689 3107 1809 3158 vereor,
1831 3097 1928 3146 covas
1944 3087 2000 3145 ad-

593 3193 670 3253 dunt
685 3191 745 3250 Bas.
758 3211 784 3250 2.
798 3195 825 3252 3.
847 3191 942 3251 Struv.
965 3191 1061 3252 Guclb
1072 3215 1099 3274 7.
1112 3193 1140 3252 8.
1157 3213 1202 3252 ιι.
1224 3194 1326 3257 incert.
1344 3215 1368 3252 ι.
1390 3191 1487 3252 Guell.
1503 3214 1532 3274 9.
1545 3193 1574 3256 6.
1588 3201 1689 3252 vortat.
1705 3211 1781 3252 unus
1796 3191 1882 3252 Rivii.
1902 3199 1999 3252 vemat

593 3295 689 3354 Gucls.
708 3297 735 3352 5.
764 3304 898 3352 versatur
915 3299 960 3354 rel
976 3307 1167 3357 convertatur
1184 3299 1280 3358 ceteri.
1310 3307 1460 3358 convertat
1473 3317 1548 3357 unus
1562 3297 1674 3358 Wassii.
1695 3295 1757 3355 Bas.
1774 3295 1803 3356 5.
1824 3295 1909 3356 Bcrn.
1926 3294 1955 3355 3.
1968 3296 1996 3366 4.

590 3417 638 3456 res
648 3407 808 3476 aspero-ast
829 3399 937 3458 Faba.
960 3401 1089 3460 disvin.
1107 3401 1218 3462 allah.
1235 3424 1259 3461 ι.
1282 3402 1368 3462 Horu.
1390 3403 1456 3464 Son.
1475 3423 1502 3462 2.
1523 3401 1608 3461 Bern.
1623 3403 1651 3472 4.
1670 3421 1809 3481 prospero
1821 3405 1909 3484 longe
1917 3404 1994 3482 plur.

591 3501 669 3560 libri.
691 3501 851 3560 troah'deris
870 3505 955 3560 omis.
981 3503 1078 3564 Gucll.
1104 3507 1131 3564 5.
1163 3515 1190 3564 te
1213 3526 1274 3565 orn.
1290 3506 1381 3566 Guell
1393 3508 1423 3572 6.
1453 3505 1514 3568 Bas.
1535 3527 1561 3566 2.
1583 3515 1637 3565 tcto
1653 3525 1755 3566 omnes
1770 3505 1850 3569 Leid.
1874 3507 1945 3583 (cxc.
1965 3505 1992 3564 k.
2042 3497 2045 3506 ¹

588 3606 641 3685 qui
656 3626 743 3685 prun.
755 3603 873 3680 omisit.)
903 3615 931 3662 te
946 3625 1047 3666 omnes
1062 3607 1155 3668 Gortii
1168 3610 1234 3669 libr.
1253 3631 1352 3688 grauis
1363 3633 1466 3690 poenas
1484 3612 1576 3672 derh't.
1598 3609 1992 3688 coelestianarum.

589 3729 692 3768 omnes
709 3709 765 3766 scre
784 3705 861 3766 libri.
885 3707 915 3764 T.
935 3707 1031 3767 Guoll.
1050 3731 1094 3768 ιι.
1122 3731 1253 3790 rtuquom
1276 3713 1342 3773 ullis
1361 3735 1422 3773 om.
1451 3715 1548 3776 Guell.
1567 3717 1594 3776 5.
1631 3715 1696 3775 ullis
1712 3715 1830 3794 quidem
1850 3714 1946 3779 Guell.
1964 3715 1992 3774 6.

588 3813 689 3873 lieusu
710 3830 839 3889 tanquam
858 3811 933 3870 delet
952 3813 1080 3872 Laidis.
1102 3815 1168 3875 rdlis
1183 3836 1243 3881 om.
1261 3817 1352 3878 Mark.
1360 3831 1389 3883 r.
1404 3817 1466 3878 Bas.
1481 3819 1509 3880 3.
1531 3841 1571 3880 m.
1584 3839 1639 3880 sec.
1661 3820 1785 3880 alterum
1804 3805 1868 3880 iam
1884 3820 1992 3900 patrios

583 3918 655 3994 tin.
673 3937 700 3976 2.
721 3915 789 3976 Eoo.
812 3915 909 3974 Gucll.
925 3916 953 3975 5.
972 3918 999 3976 5.
1022 3917 1105 3977 Paris.
1116 3919 1145 3977 d.
1166 3920 1246 3979 Leid.
1261 3943 1287 3982 c.
1309 3943 1384 3982 unus
1394 3923 1483 3986 hirii.
1508 3925 1577 3984 Tur.
1596 3947 1621 3984 r.
1642 3945 1681 3984 m.
1694 3945 1749 3985 sec.
1775 3923 1881 3984 iterum
1896 3925 1990 3985 ceteri.

586 4021 746 4082 r'amomis.
766 4019 827 4078 Bas.
846 4040 911 4078 r.a.
932 4018 1044 4082 Fabrio.
1060 4024 1171 4082 incerti.
1192 4023 1295 4085 Franc.
1316 4031 1413 4108 plures
1426 4029 1547 4100 Wassii,
1568 4029 1664 4089 Senot.
1681 4051 1706 4088 1.
1734 4027 1831 4088 Guell.
1851 4049 1877 4089 2.
1894 4029 1923 4100 4.
1944 4049 1988 4090 ra.
2073 4033 2076 4040 ’

587 4124 670 4184 Paris.
683 4124 712 4182 b.
726 4145 751 4182 e.
764 4124 847 4200 sarit
861 4123 957 4184 Guels.
974 4125 1002 4185 6.
1034 4125 1135 4187 intulit
1149 4133 1247 4209 plures
1261 4130 1337 4191 hirii
1351 4143 1380 4192 et
1397 4125 1500 4193 Wassii
1515 4132 1592 4198 libri.
1623 4131 1986 4212 atquchominib.lias.1.

585 4247 724 4306 umquam
740 4248 819 4310 pons.
840 4229 901 4294 Bas.
920 4251 946 4288 1.
964 4251 991 4295 2.
1022 4231 1134 4294 Fabric.
1150 4255 1174 4292 r.
1195 4235 1296 4294 Vinar.
1310 4258 1337 4297 2.
1365 4237 1461 4297 Senot.
1481 4258 1507 4298 2.
1538 4237 1634 4298 Guell.
1651 4239 1678 4298 5.
1699 4257 1838 4317 umqrsam
1853 4237 1986 4300 omlis.
2272 4287 2273 4322 ,

583 4332 652 4394 Eoo.
672 4333 732 4394 inc.
746 4353 773 4390 r.
795 4333 891 4392 Gaell.
903 4355 931 4394 r.
947 4337 976 4408 4.
990 4337 1018 4403 6.
1036 4357 1081 4432 12..
1106 4338 1196 4400 verba
1212 4359 1277 4402 msa
1296 4341 1365 4404 vin.
1379 4362 1405 4404 a.
1435 4344 1539 4406 incerti
1562 4341 1658 4404 Gusll.
1672 4365 1701 4427 7.
1718 4363 1763 4404 ι2.
1784 4362 1887 4404 omnes
1903 4341 1983 4408 Laid.
