4542 5318
1490 529 1492 532 ,
1627 411 1694 504 2⁴1

295 581 398 658 vinci
412 582 494 660 sine
514 597 581 660 tuo
596 579 768 688 periculo
786 601 991 688 postumus.
1025 585 1088 660 An
1104 582 1254 690 ignoras
1269 583 1475 676 Romanos,
1497 601 1700 691 postquam

275 707 344 782 -ad
359 705 595 783 occidentem
609 707 853 812 pergentibus
867 706 984 784 finem
997 709 1172 785 Oceanus
1190 707 1299 799 fe'cit,
1320 734 1425 784 arma
1441 707 1521 784 huc
1540 735 1700 788 convor-
1750 743 1756 796 χ

295 831 403 908 tissel
424 859 549 934 neque
556 831 765 936 quicquam
775 859 796 907 a
807 831 1000 937 principio
1015 833 1089 909 nisi
1101 848 1256 937 raptum
1263 829 1417 922 habere,
1428 832 1598 925 domum,
1609 861 1700 912 con·

296 953 791 1060 iuges,agros,imperidml
816 979 1003 1031 convenas
1014 955 1218 1046 olim‚sine
1226 954 1363 1060 patria,
1374 955 1700 1058 sineparentibus,

296 1092 400 1182 peste
429 1077 601 1154 conditos
635 1077 736 1152 orbis
760 1093 974 1154 terrarum:
1000 1079 1141 1182 quibus
1167 1105 1248 1155 non
1270 1077 1441 1154 humana
1468 1079 1550 1154 ulla
1574 1107 1701 1184 neque

297 1201 428 1277 divina
457 1202 625 1292 obstant,
650 1200 748 1304 quin
775 1201 914 1292 socios,
940 1203 1106 1291 amieos,
1133 1202 1290 1305 procul,
1315 1203 1422 1278 iuxta
1439 1202 1549 1291 sitos,
1569 1202 1701 1306 inopes

296 1339 544 1429 potentesque
566 1321 744 1414 trahant,
774 1326 973 1418 excidant,
999 1326 1205 1429 omniaque
1239 1351 1320 1402 non
1338 1351 1444 1401 serva
1465 1341 1504 1400 et
1525 1349 1703 1402 maxume

299 1473 414 1553 regua
442 1445 596 1521 hostilia
629 1447 786 1522 ducant.
834 1449 1008 1551 Namque
1037 1449 1152 1554 pauci
1180 1448 1419 1536 libertatem,
1443 1475 1531 1553 pars
1564 1475 1702 1553 magna

299 1570 414 1646 iustos
431 1569 605 1645 dominos
616 1571 767 1664 volunt5
786 1595 855 1646 nos
866 1569 1028 1674 suspecti
1045 1595 1175 1644 sumus
1187 1569 1317 1644 aemuli
1332 1585 1371 1644 et
1383 1570 1425 1644 in
1440 1587 1609 1674 tempore
1621 1572 1704 1646 vin-

299 1694 399 1771 dices
418 1691 599 1768 adfuturi.
634 1695 696 1769 Tu
712 1719 821 1783 vero,
846 1692 910 1767 cui
928 1691 1107 1782 Seleucia,
1127 1717 1307 1766 maxuma
1330 1693 1499 1782 urbium,
1523 1721 1702 1796 regnum-

300 1845 376 1927 que
398 1817 558 1894 Persidis
578 1814 720 1891 inclitis
737 1815 880 1891 divitiis
897 1831 965 1905 est,
992 1813 1089 1917 quid
1109 1815 1159 1888 ab
1184 1813 1260 1888 illis
1284 1811 1358 1888 nisi
1385 1813 1519 1890 dolum
1544 1818 1586 1890 in
1606 1843 1704 1920 prae-

300 1966 383 2019 sent
410 1957 450 2017 et
464 1957 592 2044 postea
613 1938 761 2014 bellurn
785 1940 1004 2042 exspectas?
1028 1937 1193 2012 Romani
1218 1963 1324 2012 arma
1340 1937 1381 2011 in
1398 1939 1520 2014 omnis
1539 1937 1704 2044 babent,

300 2089 497 2142 acerruma
522 2063 564 2137 in
589 2088 669 2153 eos,
695 2062 837 2164 quibus
864 2061 974 2138 victis
1004 2058 1126 2164 spolia
1152 2087 1337 2136 ¹mauruma
1364 2077 1483 2153 sunt;
1525 2061 1704 2142 audendo

213 2279 219 2292 ι
300 2204 339 2265 et
356 2185 527 2262 fallendo
548 2202 587 2259 et
609 2184 711 2260 bella
731 2210 777 2259 ex
794 2183 904 2258 bellis
924 2183 1083 2258 serendo
1107 2182 1239 2290 magni
1257 2181 1357 2256 faeti.
1409 2185 1480 2256 Per
1499 2180 1607 2259 hunc
1626 2211 1707 2260 mo-

301 2338 383 2388 rem
401 2309 642 2412 exstinguent
665 2305 802 2386 omnia-
822 2323 891 2379 aut
916 2305 1117 2380 occident:
1143 2305 1249 2406 quod
1274 2303 1384 2380 baud
1405 2305 1558 2382 difficile
1579 2324 1651 2398 est,
1674 2311 1707 2385 si

302 2451 347 2512 tu
372 2429 668 2535 Mesopotamia,
706 2451 776 2501 nos
797 2426 977 2500 Armenia
1012 2425 1355 2528 circumgredimur
1387 2430 1597 2506 exercitum
1624 2432 1707 2510 sine

301 2557 516 2645 frumento,
531 2553 613 2628 sine
628 2547 798 2639 auxiliis,
822 2549 979 2624 fortuna
1005 2562 1076 2622 aut
1101 2548 1240 2622 nostris
1272 2549 1375 2622 vitiis
1398 2548 1527 2624 adhuc
1558 2554 1708 2631 incolu-

300 2705 411 2758 mem.
460 2680 591 2779 Teque
613 2674 681 2748 illa
701 2670 802 2746 fama
820 2685 1017 2773 sequetur,
1041 2668 1185 2744 auxilio
1209 2667 1424 2772 profectum
1445 2674 1591 2778 magnis
1612 2677 1708 2780 regi-

303 2807 376 2881 bus
393 2803 559 2879 latrones
578 2796 752 2903 gentium
774 2791 1003 2899 oppressisse.
1053 2790 1168 2889 Quod
1185 2790 1243 2867 uti
1263 2791 1378 2868 iacias
1396 2819 1533 2871 moneo
1554 2794 1708 2874 hortor-

304 2953 403 3032 que3
427 2954 507 3003 neu
529 2921 639 3000 malis
668 2919 839 3025 pernicie
866 2930 995 2995 nostra
1017 2929 1125 2991 tuam
1154 2913 1346 3018 prolatare
1382 2943 1501 3019 quarn
1531 2919 1708 2998 societate

242 3107 246 3114 .
304 3065 436 3244 mg,
445 3048 579 3244 figssio
587 3165 794 3243 Vulcanali
796 3189 908 3238 orum
923 3161 986 3237 die
1004 3159 1150 3236 ibidem
1167 3173 1405 3235 moratis-
1434 3169 1486 3255 14.
1514 3163 1710 3270 Religione

301 3291 622 3374 Vulcanaliorum
636 3286 909 3392 impeditus-
922 3281 975 3358 15.
984 3281 1108 3356 Scalas
1120 3303 1228 3384 pares
1242 3281 1433 3356 moenium
1445 3283 1712 3364 altitudine-

311 3423 366 3496 16.
388 3415 583 3495 Dissidere
603 3411 704 3486 inter
725 3435 763 3483 se
781 3432 930 3512 coepere
949 3429 1074 3507 neque
1092 3403 1134 3477 in
1153 3401 1324 3478 medium
1340 3407 1626 3486 consultare-
1658 3441 1711 3512 17.
1846 3513 1850 3522 Ι

307 3542 517 3646 Multisque
533 3533 813 3641 suspicionibus
829 3528 995 3605 volentia
1016 3525 1120 3632 plebi
1144 3525 1315 3602 facturus
1336 3527 1545 3608 videbatur.
1570 3575 1622 3598 ι-
1662 3541 1717 3636 18,

308 3742 418 3816 luerat,
431 3737 512 3822 opud
523 3733 636 3797 Charis.
654 3731 769 3813 legitur.
789 3727 935 3808 qttomodo
949 3744 1040 3804 neque
1059 3721 1147 3784 Febr.
1167 3721 1242 3784 Brit.
1263 3735 1346 3785 vetus
1361 3725 1451 3786 editio
1459 3748 1469 3798 3
1491 3712 1611 3804 pacanda
1625 3749 1716 3810 nequa

309 3848 406 3909 ceteri.
425 3842 657 3919 esscindontque
675 3835 840 3899 Vaticanus.
852 3831 955 3904 Fabri,
965 3829 1065 3890 Ursini
1079 3823 1213 3891 et'Ciacc.
1232 3826 1313 3888 libris
1328 3827 1538 3924 abestcopula.
1560 3839 1643 3892 tuum
1658 3835 1717 3899 ὑη.

306 3950 421 4032 parium
433 3946 585 4028 prolatore
602 3945 702 4026 vulgo·
712 3972 754 3989 -

314 4057 361 4118 ιδ.
373 4052 419 4124 td.
431 4049 545 4121 Nous,
559 4047 610 4129 49.
622 4048 674 4108 cfr.
688 4043 801 4106 Charis.
814 4064 847 4124 p.
856 4039 906 4112 46.
920 4037 1103 4120 op·P0mpei·
1111 4034 1230 4094 Comm·
1241 4032 1275 4092 A·
1282 4031 1319 4097 D.
1334 4054 1366 4114 p·
1382 4031 1449 4096 163·
1460 4031 1720 4104 Edlindemann.
1771 4033 1774 4040 “
1794 4069 1796 4074 ’

313 4159 354 4222 ita
369 4153 598 4238 hecloguutnra
621 4147 713 4212 Curio
729 4148 838 4208 ibidem
855 4151 991 4206 moratur
1006 4139 1124 4220 regione
1143 4135 1392 4199 Vulcanalionun
1415 4149 1443 4196 et
1462 4159 1532 4222 pag.
1549 4160 1617 4224 ²²7·
1649 4146 1721 4206 ηιῑ.

313 4260 401 4346 giono
414 4253 660 4321 Vulcanattonun
673 4249 836 4334 impeditio.
850 4265 939 4330 quere
949 4245 1044 4306 editor
1054 4244 1119 4305 satis
1135 4253 1220 4304 acute
1231 4241 1374 4315 coniecit,
1388 4240 1448 4302 duo
1462 4242 1572 4340 divorsa
1588 4251 1653 4312 loct
1666 4271 1723 4314 esse

1279 4373 1322 4444 31
