4582 5320
1475 383 1477 388 ’
1589 414 1652 464 ιιι

259 561 443 649 niscatur,
468 558 516 634 de
544 555 674 632 ceteris
695 555 852 632 Senatui
885 583 987 633 curae
1015 558 1103 634 fore
1153 561 1204 634 At
1235 560 1318 652 ille,
1350 562 1499 638 tametsi
1529 567 1658 643 omnia

262 683 412 792 potiora
429 681 503 756 lide
513 677 708 794 Iugurtbae
720 680 877 754 rebatur
883 713 894 774 3
920 697 1046 755 tamen
1061 681 1150 784 quia
1167 709 1280 786 penes
1292 685 1464 776 eosdem,
1482 687 1513 762 si
1527 689 1661 765 advor-

262 823 435 902 saretur,
456 803 616 909 cogendi
632 817 792 907 potestas
814 821 916 894 erat,
940 805 1017 894 ita,
1045 804 1104 879 uti
1126 823 1352 882 censuerant
1377 808 1520 901 Italici,
1555 812 1662 890 dedi·

269 929 414 1006 tionem
432 929 534 1003 facit.
583 925 770 1030 Iugurtha
785 925 827 999 in
840 926 973 1030 primis
985 925 1241 1004 Adherbalem
1252 931 1514 1014 excruciatum
1532 953 1665 1014 necat,

260 1051 399 1128 deinde
425 1051 548 1126 omnis
575 1051 737 1154 puberes
764 1049 947 1124 Numidas
978 1066 1017 1125 et
1036 1051 1285 1155 negotiatores
1318 1053 1558 1156 promiscue,
1596 1057 1655 1133 uti

169 1217 173 1225 ·
261 1175 422 1284 quisque
445 1172 598 1247 armatis
618 1173 750 1248 obvius
778 1172 905 1248 suerat
931 1171 1175 1273 (interficit.)
1226 1175 1344 1273 Quod
1367 1194 1570 1280 postquam
1586 1181 1706 1272 llo-27

263 1323 335 1373 mae
355 1297 551 1401 cognitum
576 1312 630 1370 est
645 1311 684 1370 et
705 1295 824 1370 resin
841 1295 982 1370 Senatu
1007 1295 1142 1400 agitari
1172 1314 1313 1401 coepta,
1345 1299 1445 1374 idem
1465 1300 1522 1374 illi
1545 1301 1659 1377 mini-

262 1421 329 1495 stri
353 1421 448 1525 regis
469 1417 749 1522 interpellando
785 1445 830 1493 ac
855 1443 952 1520 saepe
969 1418 1088 1522 gratia
1106 1475 1118 1508 ,
1139 1417 1335 1494 interdum
1354 1419 1485 1526 iurgiis
1506 1421 1662 1500 trahen-

264 1543 315 1617 do
340 1559 506 1646 tempus,
533 1541 771 1616 atrocitatem
788 1539 880 1613 facti
900 1539 1106 1614 leniebant.
1156 1543 1210 1616 Ac
1231 1542 1273 1616 ni
1295 1545 1333 1618 C.
1355 1543 1575 1634 Memmius,
1597 1546 1663 1620 tri-

265 1665 392 1740 bunus
415 1663 536 1768 plebis
554 1662 784 1766 designatus,
809 1661 870 1735 vir
886 1687 973 1736 acer
992 1677 1030 1736 et
1045 1660 1201 1737 infestus
1227 1666 1408 1767 potentiae
1433 1667 1664 1758 nobilitatis,

265 1775 455 1891 populum
487 1788 703 1860 Romanum
726 1784 955 1860 edocuisset:
972 1781 1012 1858 id
1033 1784 1114 1887 agi,
1140 1800 1185 1858 ut
1213 1812 1284 1889 per
1319 1813 1460 1890 paucos
1491 1789 1665 1865 factiosos
1742 1783 1745 1802 ¹

267 1906 461 2014 Iugurthae
491 1907 611 1982 scelus
637 1906 935 1997 condonaretur,
965 1905 1135 2008 profecto
1157 1907 1280 1981 omnis
1306 1909 1452 1984 invidia
1471 1911 1667 2016 prolatan-

267 2031 324 2108 dis
345 2029 688 2107 consultationibus
704 2028 850 2131 dilapsa
867 2028 973 2102 foret.
999 2031 1124 2102 Tanta
1143 2029 1197 2102 vis
1212 2029 1343 2132 gratiae
1363 2047 1478 2134 atque
1494 2032 1667 2137 pecuniae

266 2153 360 2259 regis
376 2168 466 2228 erat.
496 2152 570 2228 Sed
581 2153 648 2226 ubi
660 2153 818 2227 Senatus
832 2150 961 2225 delicti
973 2149 1202 2224 conscientia
1221 2151 1412 2255 populum
1433 2154 1553 2248 timet3
1580 2155 1660 2260 lege

266 2274 486 2380 Sempronia
506 2274 711 2378 provinciae
729 2272 870 2348 futuris
889 2271 1138 2362 Consulibus,
1153 2273 1332 2348 Numidia
1347 2291 1462 2378 atque
1479 2277 1590 2352 Italia
1602 2278 1667 2354 de-

266 2413 399 2474 cretae:
421 2395 600 2474 Consules
620 2396 801 2471 declarati
822 2397 859 2467 P.
885 2392 1012 2496 Scipio
1033 2393 1187 2485 Nasica,
1211 2396 1251 2468 Ι.
1273 2397 1393 2484 Bestia
1413 2399 1667 2504 Calpurnius5

268 2507 477 2625 Calpurnio
486 2519 685 2609 Numidia,
707 2515 876 2621 Scipioni
893 2514 1003 2588 Italia
1024 2515 1196 2605 obvenit,
1218 2515 1355 2594 deinde
1372 2522 1576 2614 exercitus,
1599 2503 1668 2624 qui

267 2641 310 2718 in
329 2641 497 2720 Africam
519 2659 756 2748 portaretur,
775 2637 979 2714 scribitur:
1003 2633 1237 2741 stipendium
1264 2637 1435 2744 aliaque,
1459 2668 1546 2748 quae
1565 2644 1668 2719 bello

249 2849 318 2903 ,ιιι
336 2839 484 2921 Iugurtha
502 2839 565 2899 Bas.
583 2859 608 2899 1.
629 2836 715 2898 Febr.
734 2836 823 2901 nivii.
844 2855 913 2897 curn
926 2835 990 2896 aliis
1005 2833 1096 2896 duob.
1110 2833 1191 2894 Cort.
1212 2835 1345 2915 plerique
1358 2835 1472 2898 wanti.
1493 2837 1564 2899 dein
1583 2841 1671 2901 multi

270 2944 350 3009 Gort.
371 2945 450 3005 libri.
468 2943 519 3003 sed
535 2941 643 3004 deinde
655 2942 718 3003 Bas.
733 2962 760 3002 ι.
788 2941 885 3002 Sonat.
897 2960 924 3000 1.
951 2939 1066 3000 Fabric.
1086 2960 1112 2998 ι.
1131 2948 1262 3000 amictu
1285 2939 1384 3032 obvius
1391 2942 1515 3018 ficerat,
1544 2945 1585 3004 ita
1602 2943 1671 3006 Εοο.

269 3048 372 3110 Franc.
392 3047 443 3109 Δο.
464 3025 559 3110 Struv.
587 3045 684 3106 Guell.
698 3045 727 3118 4.
740 3067 769 3128 7.
783 3067 813 3127 9.
830 3065 876 3104 ιο.
896 3064 945 3104 ιι.
972 3042 1022 3103 sed
1039 3042 1164 3104 armatis
1186 3047 1328 3110 meliores.
1340 3045 1408 3122 fiitt
1420 3044 1533 3108 Fabric.
1549 3068 1576 3108 ι.
1602 3047 1674 3132 Teg.

261 3153 367 3228 ficerat
382 3151 445 3214 obv.
465 3151 526 3212 Bas.
540 3150 569 3224 4.
590 3149 725 3229 chasuit
738 3169 815 3210 orm.
835 3148 905 3208 Tur.
925 3147 1061 3224 interficit
1081 3147 1142 3207 Bas.
1158 3168 1183 3206 ι.
1204 3147 1308 3208 Franc.
1336 3147 1388 3209 Ac.
1415 3149 1483 3215 Seu.
1495 3171 1521 3210 ι.
1549 3151 1629 3214 vrat.
1646 3173 1674 3212 ι.

270 3257 417 3336 interfecit
429 3257 544 3338 reliqui.
563 3257 605 3316 ita
620 3254 735 3316 Gruter.
756 3251 851 3314 edidit
865 3250 1092 3310 adsentientibus
1109 3249 1223 3310 omnib.
1240 3250 1321 3315 leid.

353 3382 428 3466 Cap.
440 3404 490 3467 ²7·
510 3392 613 3465 coepta
631 3381 814 3444 vetustissimi
829 3377 910 3442 Cort.
932 3377 1012 3437 leid.
1028 3399 1053 3438 c.
1068 3376 1097 3437 d.
1110 3399 1139 3460 g.
1155 3378 1175 3436 i.
1188 3378 1215 3437 k.
1228 3380 1249 3437 l.
1260 3397 1291 3444 n.
1312 3377 1405 3459 coepit
1424 3377 1504 3440 Vrat.
1519 3401 1545 3440 ι.
1558 3400 1587 3444 a.
1607 3382 1677 3452 Seu.

274 3509 301 3550 s.
322 3488 422 3551 lleuss.
442 3487 533 3550 dead.
554 3489 651 3550 struv.
670 3487 731 3547 inc.
752 3485 875 3547 Nema.
894 3481 998 3542 Fraus.
1018 3481 1086 3542 Ere.
1107 3481 1207 3542 Guell.
1221 3481 1292 3554 Μ.
1310 3505 1338 3564 7.
1354 3504 1385 3564 9.
1404 3503 1450 3544 ιο.
1469 3504 1515 3543 ιι.
1535 3505 1582 3546 ra.
1594 3485 1677 3549 taeid.

270 3593 339 3655 ab.
350 3613 375 3656 e.
392 3597 413 3655 l.
427 3592 460 3654 h.
472 3615 513 3656 ιιι.
532 3592 619 3652 Βοιιι.
632 3611 658 3652 ι.
678 3590 758 3651 Nem
771 3589 813 3652 its
829 3605 932 3647 omnes
944 3587 1003 3648 tere
1019 3585 1098 3647 libri.
1119 3585 1165 3645 itti
1179 3585 1258 3646 idem
1276 3586 1362 3647 Febr.
1375 3608 1401 3646 1.
1420 3587 1491 3672 Teg.
1510 3587 1581 3650 Tur.
1602 3591 1680 3651 leni-

271 3699 343 3760 bant
362 3697 430 3760 Ecc.
450 3696 547 3758 Guell.
559 3696 589 3758 3.
603 3717 651 3756 ιο.
670 3695 765 3757 Strnv.
783 3691 924 3776 populum
939 3693 986 3753 ed.
1007 3693 1066 3752 inc.
1082 3711 1108 3750 ι.
1134 3699 1167 3750 ut
1178 3711 1233 3771 per
1251 3691 1313 3751 Bas.
1332 3712 1358 3752 ι.
1370 3690 1401 3763 4.
1423 3691 1521 3754 Turio.
1550 3691 1635 3754 Bern.
1649 3699 1678 3758 ὅ.

268 3801 450 3884 protelandis
468 3801 567 3862 Ursini
580 3799 633 3860 lib.
648 3809 677 3860 et
689 3797 760 3858 Tur.
778 3797 893 3880 dilapso
913 3805 979 3857 erat
997 3796 1095 3856 Gueli.
1112 3817 1138 3855 ι.
1164 3795 1232 3856 Seu.
1245 3797 1373 3874 aforet
1387 3796 1486 3856 ceteri.
1506 3793 1592 3876 regis
1604 3804 1679 3856 erat.

269 3925 334 3988 pec.
351 3925 377 3969 e.
389 3924 452 3988 reg.
470 3903 569 3965 Gucll'.
586 3925 611 3970 ι.
640 3901 716 3984 regis
736 3901 890 3964 incesserat
917 3901 1015 3968 Guell.
1029 3922 1059 3963 a.
1086 3901 1193 3982 gratiae
1215 3909 1281 3962 erut
1307 3899 1427 3960 troealii
1445 3897 1527 3960 Cart.-
1555 3899 1681 3960 decreta

274 4019 342 4072 tunt
360 4008 612 4075 Lod.a.b.d.h.
635 4003 1313 4088 Er1.1am.s.L.Capamn.sen.1.u1.
1342 4000 1446 4073 ΒΜ.
1481 3998 1566 4082 Colp.
1588 4019 1680 4066 crs·

276 4125 352 4180 tusto
364 4113 463 4177 Ursini
474 4113 550 4180 Cod.
566 4124 596 4175 et
608 4113 694 4175 Bndl.
714 4113 839 4178 terna.
859 4111 922 4172 olio
934 4129 1052 4192 querque
1072 4109 1218 4170 Commel.
1239 4107 1307 4168 Ecc.
1327 4105 1442 4186 adaque
1459 4103 1562 4167 omnio
1582 4104 1681 4168 Guelf-

276 4241 308 4301 7.
325 4219 442 4300 oliuque
459 4219 533 4280 bello
548 4237 612 4298 ᾳιιω
626 4218 724 4281 Guell.
737 4239 786 4281 ιο.
803 4225 891 4297 atque
903 4216 965 4278 alia
984 4234 1048 4296 quoe
1065 4212 1129 4276 Bas.
1142 4232 1168 4272 ι.
1190 4211 1288 4271 suess.
1299 4232 1329 4292 9.
1358 4219 1387 4271 ct
1405 4207 1467 4271 olio
1486 4229 1551 4291 qrttt
1577 4211 1637 4274 inc.
1652 4231 1686 4282 a.

275 4325 338 4387 elic
355 4343 420 4404 qrsae
438 4323 511 4385 bello
530 4323 629 4387 Strur.
