<?xml version="1.0" encoding="UTF-8"?>
<!DOCTYPE html PUBLIC "-//W3C//DTD XHTML 1.0 Transitional//EN"
    "http://www.w3.org/TR/xhtml1/DTD/xhtml1-transitional.dtd">
<html xmlns="http://www.w3.org/1999/xhtml" xml:lang="en" lang="en">
 <head>
  <title>
</title>
<meta http-equiv="Content-Type" content="text/html;charset=utf-8" />
  <meta name='ocr-system' content='tesseract 3.04.00' />
  <meta name='ocr-capabilities' content='ocr_page ocr_carea ocr_par ocr_line ocrx_word'/>
</head>
<body>
  <div class='ocr_page' id='page_1' title='image "./ccrispisalustii02sallgoog_0137.png"; bbox 0 0 4582 5320; ppageno 0'>
   <div class='ocr_carea' id='block_1_1' title="bbox 591 355 641 453">
    <p class='ocr_par' dir='ltr' id='par_1_1' title="bbox 591 355 641 453">
     <span class='ocr_line' id='line_1_1' title="bbox 591 355 641 453; baseline -0.06 0"><span class='ocrx_word' id='word_1_1' title='bbox 591 355 641 453; x_wconf 81' lang='grc'><strong>94</strong></span> 
     </span>
    </p>
   </div>
   <div class='ocr_carea' id='block_1_2' title="bbox 582 523 1997 2484">
    <p class='ocr_par' dir='ltr' id='par_1_2' title="bbox 582 523 1997 2484">
     <span class='ocr_line' id='line_1_2' title="bbox 594 523 1993 628; baseline -0.004 -19"><span class='ocrx_word' id='word_1_2' title='bbox 594 531 676 612; x_wconf 86' lang='lat' dir='ltr'><strong>beri</strong></span> <span class='ocrx_word' id='word_1_3' title='bbox 694 528 790 606; x_wconf 79' lang='lat' dir='ltr'><strong>mihi</strong></span> <span class='ocrx_word' id='word_1_4' title='bbox 807 526 992 604; x_wconf 83' lang='lat' dir='ltr'><strong>beneficia</strong></span> <span class='ocrx_word' id='word_1_5' title='bbox 1010 552 1032 599; x_wconf 90' lang='lat' dir='ltr'><strong>a</strong></span> <span class='ocrx_word' id='word_1_6' title='bbox 1050 523 1195 628; x_wconf 89' lang='lat' dir='ltr'><strong>populo</strong></span> <span class='ocrx_word' id='word_1_7' title='bbox 1212 524 1401 612; x_wconf 83' lang='lat' dir='ltr'><strong>Romano,</strong></span> <span class='ocrx_word' id='word_1_8' title='bbox 1427 523 1567 626; x_wconf 81' lang='lat' dir='ltr'><strong>quibus</strong></span> <span class='ocrx_word' id='word_1_9' title='bbox 1581 550 1662 598; x_wconf 88' lang='lat' dir='ltr'><strong>non</strong></span> <span class='ocrx_word' id='word_1_10' title='bbox 1679 549 1842 628; x_wconf 66' lang='lat' dir='ltr'><strong>egerem</strong></span> <span class='ocrx_word' id='word_1_11' title='bbox 1861 545 1993 603; x_wconf 85' lang='lat' dir='ltr'><strong>secun·</strong></span> 
     </span>
     <span class='ocr_line' id='line_1_3' title="bbox 593 645 1995 750; baseline -0.006 -17"><span class='ocrx_word' id='word_1_12' title='bbox 593 657 689 734; x_wconf 88' lang='lat' dir='ltr'><strong>dum</strong></span> <span class='ocrx_word' id='word_1_13' title='bbox 711 681 779 744; x_wconf 82' lang='lat' dir='ltr'><strong>aa,</strong></span> <span class='ocrx_word' id='word_1_14' title='bbox 800 651 831 729; x_wconf 91' lang='lat' dir='ltr'><strong>si</strong></span> <span class='ocrx_word' id='word_1_15' title='bbox 852 645 1099 727; x_wconf 84' lang='lat' dir='ltr'><strong>desideranda</strong></span> <span class='ocrx_word' id='word_1_16' title='bbox 1114 662 1245 722; x_wconf 84' lang='lat' dir='ltr'><strong>erant:</strong></span> <span class='ocrx_word' id='word_1_17' title='bbox 1280 647 1340 720; x_wconf 89' lang='lat' dir='ltr'><strong>uti</strong></span> <span class='ocrx_word' id='word_1_18' title='bbox 1361 645 1497 722; x_wconf 85' lang='lat' dir='ltr'><strong>debitis</strong></span> <span class='ocrx_word' id='word_1_19' title='bbox 1522 663 1662 722; x_wconf 82' lang='lat' dir='ltr'><strong>uterer.</strong></span> <span class='ocrx_word' id='word_1_20' title='bbox 1712 645 1785 722; x_wconf 86' lang='lat' dir='ltr'><strong>Sed</strong></span> <span class='ocrx_word' id='word_1_21' title='bbox 1809 649 1995 750; x_wconf 89' lang='lat' dir='ltr'><strong>quoniam</strong></span> 
     </span>
     <span class='ocr_line' id='line_1_4' title="bbox 593 767 1992 884; baseline -0.006 -28"><span class='ocrx_word' id='word_1_22' title='bbox 593 807 732 884; x_wconf 85' lang='lat' dir='ltr'><strong>parum</strong></span> <span class='ocrx_word' id='word_1_23' title='bbox 757 792 840 852; x_wconf 90' lang='lat' dir='ltr'><strong>tuta</strong></span> <span class='ocrx_word' id='word_1_24' title='bbox 867 801 936 877; x_wconf 86' lang='lat' dir='ltr'><strong>per</strong></span> <span class='ocrx_word' id='word_1_25' title='bbox 961 797 999 846; x_wconf 94' lang='lat' dir='ltr'><strong>se</strong></span> <span class='ocrx_word' id='word_1_26' title='bbox 1024 770 1103 874; x_wconf 87' lang='lat' dir='ltr'><strong>ipsa</strong></span> <span class='ocrx_word' id='word_1_27' title='bbox 1131 768 1299 872; x_wconf 82' lang='lat' dir='ltr'>probitas</span> <span class='ocrx_word' id='word_1_28' title='bbox 1322 786 1397 858; x_wconf 59' lang='lat' dir='ltr'><strong>est.</strong></span> <span class='ocrx_word' id='word_1_29' title='bbox 1423 795 1548 872; x_wconf 83' lang='lat' dir='ltr'><strong>neque</strong></span> <span class='ocrx_word' id='word_1_30' title='bbox 1572 767 1671 845; x_wconf 89' lang='lat' dir='ltr'><strong>mihi</strong></span> <span class='ocrx_word' id='word_1_31' title='bbox 1699 769 1743 844; x_wconf 91' lang='lat' dir='ltr'><strong>in</strong></span> <span class='ocrx_word' id='word_1_32' title='bbox 1762 773 1992 865; x_wconf 71' lang='lat' dir='ltr'><strong>manuduit,</strong></span> 
     </span>
     <span class='ocr_line' id='line_1_5' title="bbox 593 890 1994 1008; baseline -0.004 -28"><span class='ocrx_word' id='word_1_33' title='bbox 593 899 778 1008; x_wconf 79' lang='lat' dir='ltr'><strong>Iugurtha</strong></span> <span class='ocrx_word' id='word_1_34' title='bbox 790 896 924 1000; x_wconf 81' lang='lat' dir='ltr'><strong>&#39;qual-is</strong></span> <span class='ocrx_word' id='word_1_35' title='bbox 937 893 1053 971; x_wconf 85' lang='lat' dir='ltr'><strong>foret:</strong></span> <span class='ocrx_word' id='word_1_36' title='bbox 1079 891 1128 968; x_wconf 87' lang='lat' dir='ltr'><strong>ad</strong></span> <span class='ocrx_word' id='word_1_37' title='bbox 1151 918 1214 968; x_wconf 81' lang='lat' dir='ltr'><strong>vos</strong></span> <span class='ocrx_word' id='word_1_38' title='bbox 1230 890 1410 998; x_wconf 22' lang='lat' dir='ltr'><strong>&#39;confugi</strong></span> <span class='ocrx_word' id='word_1_39' title='bbox 1434 895 1562 970; x_wconf 92' lang='lat' dir='ltr'><strong>Patres</strong></span> <span class='ocrx_word' id='word_1_40' title='bbox 1581 893 1808 998; x_wconf 83' lang='lat' dir='ltr'><strong>conscripti,</strong></span> <span class='ocrx_word' id='word_1_41' title='bbox 1833 897 1994 1000; x_wconf 83' lang='lat' dir='ltr'><strong>quibus.</strong></span> 
     </span>
     <span class='ocr_line' id='line_1_6' title="bbox 592 1016 1993 1130; baseline -0.005 -29"><span class='ocrx_word' id='word_1_42' title='bbox 592 1021 814 1130; x_wconf 82' lang='lat' dir='ltr'><strong>quodmihi</strong></span> <span class='ocrx_word' id='word_1_43' title='bbox 842 1019 1127 1095; x_wconf 88' lang='lat' dir='ltr'><strong>misserrumum</strong></span> <span class='ocrx_word' id='word_1_44' title='bbox 1150 1031 1220 1106; x_wconf 83' lang='lat' dir='ltr'><strong>est,</strong></span> <span class='ocrx_word' id='word_1_45' title='bbox 1245 1041 1359 1122; x_wconf 81' lang='lat' dir='ltr'><strong>cogor</strong></span> <span class='ocrx_word' id='word_1_46' title='bbox 1385 1016 1491 1119; x_wconf 82' lang='lat' dir='ltr'><strong>priua</strong></span> <span class='ocrx_word' id='word_1_47' title='bbox 1516 1017 1623 1092; x_wconf 88' lang='lat' dir='ltr'><strong>oneri</strong></span> <span class='ocrx_word' id='word_1_48' title='bbox 1649 1044 1766 1120; x_wconf 88' lang='lat' dir='ltr'><strong>quam</strong></span> <span class='ocrx_word' id='word_1_49' title='bbox 1794 1019 1881 1093; x_wconf 81' lang='lat' dir='ltr'><strong>usui</strong></span> <span class='ocrx_word' id='word_1_50' title='bbox 1911 1045 1993 1096; x_wconf 82' lang='lat' dir='ltr'><strong>csse.</strong></span> 
     </span>
     <span class='ocr_line' id='line_1_7' title="bbox 593 1137 1994 1250; baseline -0.006 -24"><span class='ocrx_word' id='word_1_51' title='bbox 593 1148 715 1226; x_wconf 82' lang='lat' dir='ltr'><strong>Ceteri</strong></span> <span class='ocrx_word' id='word_1_52' title='bbox 751 1169 852 1250; x_wconf 82' lang='lat' dir='ltr'><strong>reges</strong></span> <span class='ocrx_word' id='word_1_53' title='bbox 885 1157 953 1216; x_wconf 88' lang='lat' dir='ltr'><strong>aut</strong></span> <span class='ocrx_word' id='word_1_54' title='bbox 976 1140 1076 1216; x_wconf 86' lang='lat' dir='ltr'><strong>bello</strong></span> <span class='ocrx_word' id='word_1_55' title='bbox 1103 1137 1194 1214; x_wconf 89' lang='lat' dir='ltr'><strong>ricti</strong></span> <span class='ocrx_word' id='word_1_56' title='bbox 1227 1138 1271 1214; x_wconf 92' lang='lat' dir='ltr'><strong>in</strong></span> <span class='ocrx_word' id='word_1_57' title='bbox 1302 1138 1511 1218; x_wconf 82' lang='lat' dir='ltr'><strong>amicitiam</strong></span> <span class='ocrx_word' id='word_1_58' title='bbox 1541 1139 1689 1216; x_wconf 85' lang='lat' dir='ltr'><strong>avobis</strong></span> <span class='ocrx_word' id='word_1_59' title='bbox 1717 1141 1857 1245; x_wconf 85' lang='lat' dir='ltr'><strong>recepti</strong></span> <span class='ocrx_word' id='word_1_60' title='bbox 1888 1161 1994 1234; x_wconf 85' lang='lat' dir='ltr'><strong>sunt,</strong></span> 
     </span>
     <span class='ocr_line' id='line_1_8' title="bbox 592 1259 1997 1365; baseline -0.006 -18"><span class='ocrx_word' id='word_1_61' title='bbox 592 1272 722 1351; x_wconf 87' lang='lat' dir='ltr'><strong>autin</strong></span> <span class='ocrx_word' id='word_1_62' title='bbox 744 1269 820 1344; x_wconf 88' lang='lat' dir='ltr'><strong>suis</strong></span> <span class='ocrx_word' id='word_1_63' title='bbox 844 1265 971 1342; x_wconf 88' lang='lat' dir='ltr'><strong>dubiis</strong></span> <span class='ocrx_word' id='word_1_64' title='bbox 994 1263 1105 1338; x_wconf 84' lang='lat' dir='ltr'><strong>rebus</strong></span> <span class='ocrx_word' id='word_1_65' title='bbox 1128 1261 1344 1338; x_wconf 86' lang='lat' dir='ltr'><strong>societatem</strong></span> <span class='ocrx_word' id='word_1_66' title='bbox 1373 1279 1534 1337; x_wconf 79' lang='lat' dir='ltr'><strong>vestram</strong></span> <span class='ocrx_word' id='word_1_67' title='bbox 1556 1259 1847 1365; x_wconf 71' lang='lat' dir='ltr'><strong>adpetiverunt5</strong></span> <span class='ocrx_word' id='word_1_68' title='bbox 1885 1264 1997 1339; x_wconf 84' lang='lat' dir='ltr'><strong>lami·</strong></span> 
     </span>
     <span class='ocr_line' id='line_1_9' title="bbox 592 1383 1995 1497; baseline -0.004 -27"><span class='ocrx_word' id='word_1_69' title='bbox 592 1396 643 1472; x_wconf 87' lang='lat' dir='ltr'><strong>lia</strong></span> <span class='ocrx_word' id='word_1_70' title='bbox 669 1410 797 1468; x_wconf 87' lang='lat' dir='ltr'><strong>nostra</strong></span> <span class='ocrx_word' id='word_1_71' title='bbox 826 1417 915 1464; x_wconf 89' lang='lat' dir='ltr'><strong>cum</strong></span> <span class='ocrx_word' id='word_1_72' title='bbox 943 1386 1088 1492; x_wconf 91' lang='lat' dir='ltr'><strong>populo</strong></span> <span class='ocrx_word' id='word_1_73' title='bbox 1121 1387 1293 1497; x_wconf 80' lang='lat' dir='ltr'><strong>Romano</strong></span> <span class='ocrx_word' id='word_1_74' title='bbox 1325 1385 1425 1459; x_wconf 90' lang='lat' dir='ltr'><strong>bello</strong></span> <span class='ocrx_word' id='word_1_75' title='bbox 1458 1383 1760 1489; x_wconf 77' lang='lat' dir='ltr'><strong>Carthaginiensi</strong></span> <span class='ocrx_word' id='word_1_76' title='bbox 1786 1388 1995 1464; x_wconf 80' lang='lat' dir='ltr'><strong>amicitiam</strong></span> 
     </span>
     <span class='ocr_line' id='line_1_10' title="bbox 584 1507 1992 1624; baseline -0.006 -30"><span class='ocrx_word' id='word_1_77' title='bbox 584 1517 783 1596; x_wconf 81' lang='lat' dir='ltr'><strong>instituit:</strong></span> <span class='ocrx_word' id='word_1_78' title='bbox 803 1539 888 1619; x_wconf 60' lang='lat' dir='ltr'><strong>‚quo</strong></span> <span class='ocrx_word' id='word_1_79' title='bbox 918 1528 1093 1624; x_wconf 81' lang='lat' dir='ltr'><strong>tempore</strong></span> <span class='ocrx_word' id='word_1_80' title='bbox 1119 1509 1238 1612; x_wconf 79' lang='lat' dir='ltr'><strong>magis</strong></span> <span class='ocrx_word' id='word_1_81' title='bbox 1262 1507 1352 1583; x_wconf 85' lang='lat' dir='ltr'><strong>lides</strong></span> <span class='ocrx_word' id='word_1_82' title='bbox 1386 1508 1466 1582; x_wconf 78' lang='lat' dir='ltr'><strong>eitts</strong></span> <span class='ocrx_word' id='word_1_83' title='bbox 1491 1534 1616 1610; x_wconf 83' lang='lat' dir='ltr'><strong>quam</strong></span> <span class='ocrx_word' id='word_1_84' title='bbox 1643 1507 1800 1583; x_wconf 82' lang='lat' dir='ltr'><strong>fortuna</strong></span> <span class='ocrx_word' id='word_1_85' title='bbox 1829 1509 1992 1614; x_wconf 82' lang='lat' dir='ltr'><strong>petenda</strong></span> 
     </span>
     <span class='ocr_line' id='line_1_11' title="bbox 590 1630 1992 1740; baseline -0.008 -20"><span class='ocrx_word' id='word_1_86' title='bbox 590 1659 680 1720; x_wconf 82' lang='lat' dir='ltr'><strong>erat</strong></span> <span class='ocrx_word' id='word_1_87' title='bbox 718 1641 895 1739; x_wconf 88' lang='lat' dir='ltr'><strong>Quorum</strong></span> <span class='ocrx_word' id='word_1_88' title='bbox 912 1634 1138 1740; x_wconf 81' lang='lat' dir='ltr'><strong>progeniem</strong></span> <span class='ocrx_word' id='word_1_89' title='bbox 1154 1657 1239 1719; x_wconf 86' lang='lat' dir='ltr'><strong>vos,</strong></span> <span class='ocrx_word' id='word_1_90' title='bbox 1264 1633 1390 1704; x_wconf 90' lang='lat' dir='ltr'><strong>Patres</strong></span> <span class='ocrx_word' id='word_1_91' title='bbox 1415 1630 1640 1734; x_wconf 81' lang='lat' dir='ltr'><strong>conscripti,</strong></span> <span class='ocrx_word' id='word_1_92' title='bbox 1658 1632 1778 1706; x_wconf 89' lang='lat' dir='ltr'><strong>nolite</strong></span> <span class='ocrx_word' id='word_1_93' title='bbox 1799 1634 1880 1735; x_wconf 92' lang='lat' dir='ltr'><strong>pati</strong></span> <span class='ocrx_word' id='word_1_94' title='bbox 1909 1635 1992 1730; x_wconf 85' lang='lat' dir='ltr'><strong>(me</strong></span> 
     </span>
     <span class='ocr_line' id='line_1_12' title="bbox 591 1747 1993 1872; baseline -0.009 -29"><span class='ocrx_word' id='word_1_95' title='bbox 591 1747 769 1872; x_wconf 82' lang='lat' dir='ltr'><strong>nepotem</strong></span> <span class='ocrx_word' id='word_1_96' title='bbox 793 1759 1039 1856; x_wconf 59' lang='lat' dir='ltr'><strong>Massinissa)</strong></span> <span class='ocrx_word' id='word_1_97' title='bbox 1066 1756 1206 1831; x_wconf 75' lang='lat' dir='ltr'><strong>frustra</strong></span> <span class='ocrx_word' id='word_1_98' title='bbox 1227 1781 1247 1828; x_wconf 93' lang='lat' dir='ltr'><strong>a</strong></span> <span class='ocrx_word' id='word_1_99' title='bbox 1270 1754 1375 1828; x_wconf 65' lang='lat' dir='ltr'><strong>nohis</strong></span> <span class='ocrx_word' id='word_1_100' title='bbox 1401 1751 1590 1828; x_wconf 78' lang='lat' dir='ltr'><strong>auxilium</strong></span> <span class='ocrx_word' id='word_1_101' title='bbox 1612 1770 1747 1856; x_wconf 84' lang='lat' dir='ltr'><strong>petere.</strong></span> <span class='ocrx_word' id='word_1_102' title='bbox 1786 1755 1824 1828; x_wconf 89' lang='lat' dir='ltr'><strong>Si</strong></span> <span class='ocrx_word' id='word_1_103' title='bbox 1851 1755 1900 1830; x_wconf 87' lang='lat' dir='ltr'><strong>ad</strong></span> <span class='ocrx_word' id='word_1_104' title='bbox 1923 1757 1993 1832; x_wconf 88' lang='lat' dir='ltr'><strong>im·</strong></span> 
     </span>
     <span class='ocr_line' id='line_1_13' title="bbox 590 1875 1988 1994; baseline -0.006 -31"><span class='ocrx_word' id='word_1_105' title='bbox 590 1887 822 1994; x_wconf 87' lang='lat' dir='ltr'><strong>petrandum</strong></span> <span class='ocrx_word' id='word_1_106' title='bbox 839 1881 940 1958; x_wconf 90' lang='lat' dir='ltr'><strong>nihil</strong></span> <span class='ocrx_word' id='word_1_107' title='bbox 963 1904 1100 1955; x_wconf 86' lang='lat' dir='ltr'><strong>caussae</strong></span> <span class='ocrx_word' id='word_1_108' title='bbox 1124 1877 1305 1952; x_wconf 83' lang='lat' dir='ltr'><strong>haberem</strong></span> <span class='ocrx_word' id='word_1_109' title='bbox 1328 1893 1466 1980; x_wconf 83' lang='lat' dir='ltr'><strong>proeter</strong></span> <span class='ocrx_word' id='word_1_110' title='bbox 1492 1877 1747 1952; x_wconf 83' lang='lat' dir='ltr'><strong>miserandam</strong></span> <span class='ocrx_word' id='word_1_111' title='bbox 1776 1875 1988 1970; x_wconf 85' lang='lat' dir='ltr'><strong>fortunam,</strong></span> 
     </span>
     <span class='ocr_line' id='line_1_14' title="bbox 591 1999 1992 2115; baseline -0.006 -28"><span class='ocrx_word' id='word_1_112' title='bbox 591 2011 696 2115; x_wconf 85' lang='lat' dir='ltr'><strong>quod</strong></span> <span class='ocrx_word' id='word_1_113' title='bbox 717 2007 850 2112; x_wconf 86' lang='lat' dir='ltr'><strong>paullo</strong></span> <span class='ocrx_word' id='word_1_114' title='bbox 882 2018 971 2078; x_wconf 88' lang='lat' dir='ltr'><strong>ante</strong></span> <span class='ocrx_word' id='word_1_115' title='bbox 995 2028 1078 2090; x_wconf 83' lang='lat' dir='ltr'><strong>rex,</strong></span> <span class='ocrx_word' id='word_1_116' title='bbox 1103 2027 1257 2105; x_wconf 84' lang='lat' dir='ltr'><strong>genere,</strong></span> <span class='ocrx_word' id='word_1_117' title='bbox 1282 1999 1383 2074; x_wconf 81' lang='lat' dir='ltr'><strong>lama</strong></span> <span class='ocrx_word' id='word_1_118' title='bbox 1406 2017 1522 2103; x_wconf 83' lang='lat' dir='ltr'><strong>atque</strong></span> <span class='ocrx_word' id='word_1_119' title='bbox 1549 2000 1667 2103; x_wconf 84' lang='lat' dir='ltr'><strong>copiis</strong></span> <span class='ocrx_word' id='word_1_120' title='bbox 1700 2017 1851 2104; x_wconf 85' lang='lat' dir='ltr'><strong>potens,</strong></span> <span class='ocrx_word' id='word_1_121' title='bbox 1886 2023 1992 2079; x_wconf 87' lang='lat' dir='ltr'><strong>nune</strong></span> 
     </span>
     <span class='ocr_line' id='line_1_15' title="bbox 582 2123 1992 2228; baseline -0.007 -18"><span class='ocrx_word' id='word_1_122' title='bbox 582 2135 822 2210; x_wconf 73' lang='lat' dir='ltr'><strong>defamatus</strong></span> <span class='ocrx_word' id='word_1_123' title='bbox 839 2127 1050 2214; x_wconf 72' lang='lat' dir='ltr'><strong>arumnis,</strong></span> <span class='ocrx_word' id='word_1_124' title='bbox 1084 2125 1212 2227; x_wconf 90' lang='lat' dir='ltr'><strong>inops,</strong></span> <span class='ocrx_word' id='word_1_125' title='bbox 1240 2123 1382 2198; x_wconf 85' lang='lat' dir='ltr'><strong>alienas</strong></span> <span class='ocrx_word' id='word_1_126' title='bbox 1410 2149 1498 2227; x_wconf 83' lang='lat' dir='ltr'><strong>opes</strong></span> <span class='ocrx_word' id='word_1_127' title='bbox 1528 2140 1732 2228; x_wconf 84' lang='lat' dir='ltr'><strong>exspecto:</strong></span> <span class='ocrx_word' id='word_1_128' title='bbox 1762 2141 1888 2201; x_wconf 89' lang='lat' dir='ltr'><strong>tamen</strong></span> <span class='ocrx_word' id='word_1_129' title='bbox 1911 2144 1992 2202; x_wconf 85' lang='lat' dir='ltr'><strong>erat</strong></span> 
     </span>
     <span class='ocr_line' id='line_1_16' title="bbox 589 2243 1991 2352; baseline -0.006 -18"><span class='ocrx_word' id='word_1_130' title='bbox 589 2255 792 2336; x_wconf 77' lang='lat' dir='ltr'><strong>maiestatis</strong></span> <span class='ocrx_word' id='word_1_131' title='bbox 816 2247 978 2326; x_wconf 88' lang='lat' dir='ltr'><strong>Romani</strong></span> <span class='ocrx_word' id='word_1_132' title='bbox 1007 2246 1169 2352; x_wconf 84' lang='lat' dir='ltr'><strong>populi,</strong></span> <span class='ocrx_word' id='word_1_133' title='bbox 1192 2243 1400 2349; x_wconf 87' lang='lat' dir='ltr'><strong>prohibere</strong></span> <span class='ocrx_word' id='word_1_134' title='bbox 1437 2246 1621 2321; x_wconf 87' lang='lat' dir='ltr'><strong>iniuriam</strong></span> <span class='ocrx_word' id='word_1_135' title='bbox 1654 2273 1780 2350; x_wconf 86' lang='lat' dir='ltr'><strong>neque</strong></span> <span class='ocrx_word' id='word_1_136' title='bbox 1812 2250 1894 2352; x_wconf 93' lang='lat' dir='ltr'><strong>pati</strong></span> <span class='ocrx_word' id='word_1_137' title='bbox 1926 2277 1991 2325; x_wconf 90' lang='lat' dir='ltr'><strong>cu·</strong></span> 
     </span>
     <span class='ocr_line' id='line_1_17' title="bbox 582 2369 1991 2484; baseline -0.005 -28"><span class='ocrx_word' id='word_1_138' title='bbox 582 2383 768 2484; x_wconf 85' lang='lat' dir='ltr'><strong>iusquam</strong></span> <span class='ocrx_word' id='word_1_139' title='bbox 787 2401 947 2481; x_wconf 81' lang='lat' dir='ltr'><strong>regnum</strong></span> <span class='ocrx_word' id='word_1_140' title='bbox 968 2398 1037 2476; x_wconf 91' lang='lat' dir='ltr'><strong>per</strong></span> <span class='ocrx_word' id='word_1_141' title='bbox 1056 2370 1175 2462; x_wconf 80' lang='lat' dir='ltr'><strong>scelus</strong></span> <span class='ocrx_word' id='word_1_142' title='bbox 1197 2393 1367 2444; x_wconf 79' lang='lat' dir='ltr'><strong>crescere</strong></span> <span class='ocrx_word' id='word_1_143' title='bbox 1403 2373 1549 2444; x_wconf 87' lang='lat' dir='ltr'><strong>Verum</strong></span> <span class='ocrx_word' id='word_1_144' title='bbox 1563 2397 1635 2476; x_wconf 80' lang='lat' dir='ltr'><strong>ego</strong></span> <span class='ocrx_word' id='word_1_145' title='bbox 1654 2369 1714 2446; x_wconf 87' lang='lat' dir='ltr'><strong>his</strong></span> <span class='ocrx_word' id='word_1_146' title='bbox 1738 2369 1878 2448; x_wconf 86' lang='lat' dir='ltr'><strong>linibus</strong></span> <span class='ocrx_word' id='word_1_147' title='bbox 1897 2373 1991 2449; x_wconf 83' lang='lat' dir='ltr'><strong>eiec-</strong></span> 
     </span>
    </p>
   </div>
   <div class='ocr_carea' id='block_1_3' title="bbox 579 2549 2036 4411">
    <p class='ocr_par' dir='ltr' id='par_1_3' title="bbox 579 2549 2036 4411">
     <span class='ocr_line' id='line_1_18' title="bbox 590 2549 1991 2632; baseline -0.002 -15"><span class='ocrx_word' id='word_1_148' title='bbox 590 2561 688 2624; x_wconf 78' lang='lat' dir='ltr'><strong>Guelf.</strong></span> <span class='ocrx_word' id='word_1_149' title='bbox 704 2584 750 2624; x_wconf 68' lang='grc' dir='ltr'><strong>ιι,</strong></span> <span class='ocrx_word' id='word_1_150' title='bbox 770 2556 892 2617; x_wconf 65' lang='lat' dir='ltr'><strong>lierni.</strong></span> <span class='ocrx_word' id='word_1_151' title='bbox 912 2572 969 2613; x_wconf 73' lang='lat' dir='ltr'><strong>cos</strong></span> <span class='ocrx_word' id='word_1_152' title='bbox 982 2551 1018 2612; x_wconf 84' lang='lat' dir='ltr'><strong>&#39;in</strong></span> <span class='ocrx_word' id='word_1_153' title='bbox 1041 2553 1133 2628; x_wconf 81' lang='lat' dir='ltr'><strong>odfin.</strong></span> <span class='ocrx_word' id='word_1_154' title='bbox 1152 2551 1249 2612; x_wconf 82' lang='lat' dir='ltr'><strong>locum</strong></span> <span class='ocrx_word' id='word_1_155' title='bbox 1273 2571 1361 2632; x_wconf 86' lang='lat' dir='ltr'><strong>prou.</strong></span> <span class='ocrx_word' id='word_1_156' title='bbox 1377 2572 1394 2610; x_wconf 86' lang='lat' dir='ltr'><strong>a</strong></span> <span class='ocrx_word' id='word_1_157' title='bbox 1410 2551 1540 2632; x_wconf 86' lang='lat' dir='ltr'><strong>quinque</strong></span> <span class='ocrx_word' id='word_1_158' title='bbox 1559 2549 1653 2612; x_wconf 84' lang='lat' dir='ltr'><strong>Curtii</strong></span> <span class='ocrx_word' id='word_1_159' title='bbox 1674 2549 1755 2612; x_wconf 81' lang='lat' dir='ltr'><strong>libris</strong></span> <span class='ocrx_word' id='word_1_160' title='bbox 1774 2551 1862 2617; x_wconf 77' lang='lat' dir='ltr'><strong>abest.</strong></span> <span class='ocrx_word' id='word_1_161' title='bbox 1884 2554 1952 2613; x_wconf 87' lang='lat' dir='ltr'><strong>item</strong></span> <span class='ocrx_word' id='word_1_162' title='bbox 1973 2575 1991 2614; x_wconf 81' lang='grc' dir='ltr'><strong>ι</strong></span> 
     </span>
     <span class='ocr_line' id='line_1_19' title="bbox 586 2655 1992 2738; baseline -0.001 -18"><span class='ocrx_word' id='word_1_163' title='bbox 586 2667 670 2733; x_wconf 65' lang='lat' dir='ltr'><strong>Laid,</strong></span> <span class='ocrx_word' id='word_1_164' title='bbox 683 2689 710 2726; x_wconf 76' lang='lat' dir='ltr'><strong>a.</strong></span> <span class='ocrx_word' id='word_1_165' title='bbox 722 2689 748 2733; x_wconf 69' lang='grc' dir='ltr'><strong>ο,</strong></span> <span class='ocrx_word' id='word_1_166' title='bbox 769 2662 834 2722; x_wconf 88' lang='lat' dir='ltr'><strong>loco</strong></span> <span class='ocrx_word' id='word_1_167' title='bbox 853 2657 967 2720; x_wconf 77' lang='lat' dir='ltr'><strong>Fabric.</strong></span> <span class='ocrx_word' id='word_1_168' title='bbox 983 2679 1008 2716; x_wconf 81' lang='lat' dir='ltr'><strong>t.</strong></span> <span class='ocrx_word' id='word_1_169' title='bbox 1029 2655 1125 2716; x_wconf 83' lang='lat' dir='ltr'><strong>Guell.</strong></span> <span class='ocrx_word' id='word_1_170' title='bbox 1141 2677 1170 2738; x_wconf 90' lang='lat'><strong>9.</strong></span> <span class='ocrx_word' id='word_1_171' title='bbox 1187 2677 1232 2714; x_wconf 87' lang='grc' dir='ltr'><strong>ιο.</strong></span> <span class='ocrx_word' id='word_1_172' title='bbox 1251 2675 1296 2720; x_wconf 82' lang='grc' dir='ltr'><strong>ιι.</strong></span> <span class='ocrx_word' id='word_1_173' title='bbox 1318 2655 1399 2714; x_wconf 81' lang='lat' dir='ltr'><strong>leid.</strong></span> <span class='ocrx_word' id='word_1_174' title='bbox 1411 2677 1436 2720; x_wconf 87' lang='lat' dir='ltr'><strong>c.</strong></span> <span class='ocrx_word' id='word_1_175' title='bbox 1448 2657 1475 2714; x_wconf 86' lang='lat' dir='ltr'><strong>lr.</strong></span> <span class='ocrx_word' id='word_1_176' title='bbox 1497 2659 1594 2736; x_wconf 83' lang='lat' dir='ltr'><strong>plures</strong></span> <span class='ocrx_word' id='word_1_177' title='bbox 1608 2655 1744 2716; x_wconf 82' lang='lat' dir='ltr'><strong>Putschii.</strong></span> <span class='ocrx_word' id='word_1_178' title='bbox 1771 2657 1833 2722; x_wconf 75' lang='lat' dir='ltr'><strong>Bas.</strong></span> <span class='ocrx_word' id='word_1_179' title='bbox 1850 2659 1878 2729; x_wconf 73' lang='lat' dir='ltr'><strong>d.</strong></span> <span class='ocrx_word' id='word_1_180' title='bbox 1905 2659 1992 2718; x_wconf 87' lang='lat' dir='ltr'><strong>Bem.</strong></span> 
     </span>
     <span class='ocr_line' id='line_1_20' title="bbox 589 2759 1991 2844; baseline -0.002 -20"><span class='ocrx_word' id='word_1_181' title='bbox 589 2763 618 2835; x_wconf 70' lang='lat' dir='ltr'><strong>d.</strong></span> <span class='ocrx_word' id='word_1_182' title='bbox 638 2764 862 2844; x_wconf 78' lang='lat' dir='ltr'><strong>s&#39;i‘itasecissem</strong></span> <span class='ocrx_word' id='word_1_183' title='bbox 885 2762 982 2823; x_wconf 85' lang='lat' dir='ltr'><strong>Guell&#39;.</strong></span> <span class='ocrx_word' id='word_1_184' title='bbox 997 2783 1023 2820; x_wconf 94' lang='grc' dir='ltr'><strong>ι.</strong></span> <span class='ocrx_word' id='word_1_185' title='bbox 1054 2761 1196 2820; x_wconf 73' lang='lat' dir='ltr'><strong>exercitus</strong></span> <span class='ocrx_word' id='word_1_186' title='bbox 1217 2760 1276 2820; x_wconf 79' lang='lat' dir='ltr'><strong>div.</strong></span> <span class='ocrx_word' id='word_1_187' title='bbox 1305 2759 1389 2824; x_wconf 87' lang='lat' dir='ltr'><strong>Bcrn.</strong></span> <span class='ocrx_word' id='word_1_188' title='bbox 1406 2762 1434 2830; x_wconf 71' lang='grc' dir='ltr'><strong>Δ.</strong></span> <span class='ocrx_word' id='word_1_189' title='bbox 1457 2781 1502 2821; x_wconf 82' lang='lat' dir='ltr'><strong>mc</strong></span> <span class='ocrx_word' id='word_1_190' title='bbox 1517 2759 1694 2820; x_wconf 80' lang='lat' dir='ltr'><strong>habiturum.</strong></span> <span class='ocrx_word' id='word_1_191' title='bbox 1716 2781 1761 2820; x_wconf 89' lang='lat' dir='ltr'><strong>me</strong></span> <span class='ocrx_word' id='word_1_192' title='bbox 1775 2761 1942 2828; x_wconf 65' lang='lat' dir='ltr'><strong>onalFabr.</strong></span> <span class='ocrx_word' id='word_1_193' title='bbox 1963 2785 1991 2823; x_wconf 83' lang='grc' dir='ltr'><strong>ι.</strong></span> 
     </span>
     <span class='ocr_line' id='line_1_21' title="bbox 579 2862 1990 2944; baseline -0.002 -15"><span class='ocrx_word' id='word_1_194' title='bbox 579 2867 686 2929; x_wconf 60' lang='grc' dir='ltr'><strong>·Ὀιιο1[.</strong></span> <span class='ocrx_word' id='word_1_195' title='bbox 702 2890 747 2930; x_wconf 82' lang='grc' dir='ltr'><strong>ιι.</strong></span> <span class='ocrx_word' id='word_1_196' title='bbox 770 2869 876 2928; x_wconf 81' lang='lat' dir='ltr'><strong>habere</strong></span> <span class='ocrx_word' id='word_1_197' title='bbox 896 2865 994 2929; x_wconf 82' lang='lat' dir='ltr'><strong>Guelf.</strong></span> <span class='ocrx_word' id='word_1_198' title='bbox 1007 2865 1034 2924; x_wconf 85' lang='lat'><strong>5.</strong></span> <span class='ocrx_word' id='word_1_199' title='bbox 1055 2863 1169 2924; x_wconf 87' lang='lat' dir='ltr'><strong>Fabric.</strong></span> <span class='ocrx_word' id='word_1_200' title='bbox 1185 2883 1211 2922; x_wconf 82' lang='lat' dir='ltr'><strong>a.</strong></span> <span class='ocrx_word' id='word_1_201' title='bbox 1238 2863 1368 2943; x_wconf 81' lang='lat' dir='ltr'><strong>parentis</strong></span> <span class='ocrx_word' id='word_1_202' title='bbox 1393 2862 1461 2924; x_wconf 85' lang='lat' dir='ltr'><strong>mei.</strong></span> <span class='ocrx_word' id='word_1_203' title='bbox 1481 2885 1568 2944; x_wconf 85' lang='lat' dir='ltr'><strong>pron.</strong></span> <span class='ocrx_word' id='word_1_204' title='bbox 1589 2865 1655 2926; x_wconf 69' lang='lat' dir='ltr'><strong>liin.</strong></span> <span class='ocrx_word' id='word_1_205' title='bbox 1672 2865 1750 2924; x_wconf 86' lang='lat' dir='ltr'><strong>delet</strong></span> <span class='ocrx_word' id='word_1_206' title='bbox 1764 2887 1798 2924; x_wconf 84' lang='lat' dir='ltr'><strong>ex</strong></span> <span class='ocrx_word' id='word_1_207' title='bbox 1813 2865 1910 2926; x_wconf 90' lang='lat' dir='ltr'><strong>Codd.</strong></span> <span class='ocrx_word' id='word_1_208' title='bbox 1930 2888 1990 2926; x_wconf 87' lang='lat' dir='ltr'><strong>om.</strong></span> 
     </span>
     <span class='ocr_line' id='line_1_22' title="bbox 580 2946 1982 3051; baseline 0.001 -21"><span class='ocrx_word' id='word_1_209' title='bbox 580 2974 674 3034; x_wconf 66' lang='lat' dir='ltr'><strong>‚etiam</strong></span> <span class='ocrx_word' id='word_1_210' title='bbox 695 2973 754 3038; x_wconf 81' lang='lat' dir='ltr'><strong>Erl.</strong></span> <span class='ocrx_word' id='word_1_211' title='bbox 775 2973 862 3032; x_wconf 79' lang='lat' dir='ltr'><strong>Palat.</strong></span> <span class='ocrx_word' id='word_1_212' title='bbox 876 2972 904 3032; x_wconf 86' lang='grc'><strong>8.</strong></span> <span class='ocrx_word' id='word_1_213' title='bbox 924 2970 995 3034; x_wconf 82' lang='lat' dir='ltr'><strong>Tur.</strong></span> <span class='ocrx_word' id='word_1_214' title='bbox 1023 2968 1082 3027; x_wconf 86' lang='lat' dir='ltr'><strong>mei</strong></span> <span class='ocrx_word' id='word_1_215' title='bbox 1094 2949 1210 3048; x_wconf 76' lang='lat' dir='ltr'><strong>parent.</strong></span> <span class='ocrx_word' id='word_1_216' title='bbox 1231 2967 1358 3032; x_wconf 68' lang='lat' dir='ltr'><strong>Bernd.</strong></span> <span class='ocrx_word' id='word_1_217' title='bbox 1376 2967 1471 3048; x_wconf 58' lang='grc' dir='ltr'><strong>μαινίς</strong></span> <span class='ocrx_word' id='word_1_218' title='bbox 1487 2971 1574 3029; x_wconf 86' lang='lat' dir='ltr'><strong>multi</strong></span> <span class='ocrx_word' id='word_1_219' title='bbox 1596 2989 1759 3050; x_wconf 79' lang='lat' dir='ltr'><strong>perperam.</strong></span> <span class='ocrx_word' id='word_1_220' title='bbox 1771 2946 1982 3051; x_wconf 56' lang='grc' dir='ltr'><strong>Αριίεοσρίιιοιιι</strong></span> 
     </span>
     <span class='ocr_line' id='line_1_23' title="bbox 582 3045 1993 3157; baseline 0.001 -21"><span class='ocrx_word' id='word_1_221' title='bbox 582 3096 664 3136; x_wconf 85' lang='lat' dir='ltr'><strong>unus</strong></span> <span class='ocrx_word' id='word_1_222' title='bbox 677 3077 792 3140; x_wconf 79' lang='lat' dir='ltr'><strong>Wassii.</strong></span> <span class='ocrx_word' id='word_1_223' title='bbox 809 3074 895 3140; x_wconf 71' lang='lat' dir='ltr'><strong>verbu</strong></span> <span class='ocrx_word' id='word_1_224' title='bbox 907 3095 980 3156; x_wconf 78' lang='lat' dir='ltr'><strong>par.</strong></span> <span class='ocrx_word' id='word_1_225' title='bbox 993 3073 1058 3132; x_wconf 71' lang='lat' dir='ltr'><strong>anei</strong></span> <span class='ocrx_word' id='word_1_226' title='bbox 1071 3081 1217 3152; x_wconf 76' lang='lat' dir='ltr'><strong>praecepto</strong></span> <span class='ocrx_word' id='word_1_227' title='bbox 1239 3073 1270 3131; x_wconf 89' lang='lat' dir='ltr'><strong>iu</strong></span> <span class='ocrx_word' id='word_1_228' title='bbox 1290 3073 1391 3132; x_wconf 85' lang='lat' dir='ltr'><strong>multis</strong></span> <span class='ocrx_word' id='word_1_229' title='bbox 1413 3076 1512 3132; x_wconf 86' lang='lat' dir='ltr'><strong>locum</strong></span> <span class='ocrx_word' id='word_1_230' title='bbox 1537 3085 1662 3134; x_wconf 85' lang='lat' dir='ltr'><strong>uurtant</strong></span> <span class='ocrx_word' id='word_1_231' title='bbox 1684 3083 1770 3153; x_wconf 75' lang='lat' dir='ltr'><strong>atque</strong></span> <span class='ocrx_word' id='word_1_232' title='bbox 1782 3075 1917 3136; x_wconf 78' lang='lat' dir='ltr'><strong>caricum</strong></span> <span class='ocrx_word' id='word_1_233' title='bbox 1936 3045 1993 3157; x_wconf 55' lang='lat' dir='ltr'><strong>po:</strong></span> 
     </span>
     <span class='ocr_line' id='line_1_24' title="bbox 583 3175 1993 3260; baseline 0.001 -21"><span class='ocrx_word' id='word_1_234' title='bbox 583 3181 651 3259; x_wconf 80' lang='lat' dir='ltr'><strong>puli</strong></span> <span class='ocrx_word' id='word_1_235' title='bbox 659 3179 798 3242; x_wconf 81' lang='lat' dir='ltr'><strong>Romani</strong></span> <span class='ocrx_word' id='word_1_236' title='bbox 815 3200 918 3240; x_wconf 87' lang='lat' dir='ltr'><strong>omnes</strong></span> <span class='ocrx_word' id='word_1_237' title='bbox 939 3179 997 3238; x_wconf 85' lang='lat' dir='ltr'><strong>sere</strong></span> <span class='ocrx_word' id='word_1_238' title='bbox 1012 3177 1089 3237; x_wconf 88' lang='lat' dir='ltr'><strong>libri.</strong></span> <span class='ocrx_word' id='word_1_239' title='bbox 1111 3187 1139 3236; x_wconf 87' lang='lat' dir='ltr'><strong>et</strong></span> <span class='ocrx_word' id='word_1_240' title='bbox 1151 3178 1238 3238; x_wconf 85' lang='lat' dir='ltr'><strong>amic.</strong></span> <span class='ocrx_word' id='word_1_241' title='bbox 1251 3177 1368 3258; x_wconf 77' lang='lat' dir='ltr'><strong>populo.</strong></span> <span class='ocrx_word' id='word_1_242' title='bbox 1395 3175 1512 3238; x_wconf 73' lang='lat' dir='ltr'><strong>Gor-tius</strong></span> <span class='ocrx_word' id='word_1_243' title='bbox 1523 3180 1553 3236; x_wconf 90' lang='lat' dir='ltr'><strong>in</strong></span> <span class='ocrx_word' id='word_1_244' title='bbox 1566 3179 1680 3260; x_wconf 83' lang='lat' dir='ltr'><strong>aliquot</strong></span> <span class='ocrx_word' id='word_1_245' title='bbox 1688 3179 1774 3238; x_wconf 84' lang='lat' dir='ltr'><strong>&#39;libris</strong></span> <span class='ocrx_word' id='word_1_246' title='bbox 1787 3181 1908 3239; x_wconf 76' lang='lat' dir='ltr'><strong>invenit</strong></span> <span class='ocrx_word' id='word_1_247' title='bbox 1930 3201 1993 3240; x_wconf 84' lang='lat' dir='ltr'><strong>me-</strong></span> 
     </span>
     <span class='ocr_line' id='line_1_25' title="bbox 586 3280 1990 3364; baseline 0 -21"><span class='ocrx_word' id='word_1_248' title='bbox 586 3305 632 3344; x_wconf 82' lang='lat' dir='ltr'><strong>or.</strong></span> <span class='ocrx_word' id='word_1_249' title='bbox 644 3283 759 3360; x_wconf 80' lang='lat' dir='ltr'><strong>benefic.</strong></span> <span class='ocrx_word' id='word_1_250' title='bbox 774 3307 804 3364; x_wconf 88' lang='lat' dir='ltr'><strong>p.</strong></span> <span class='ocrx_word' id='word_1_251' title='bbox 817 3283 976 3344; x_wconf 82' lang='lat' dir='ltr'><strong>mec-vobis</strong></span> <span class='ocrx_word' id='word_1_252' title='bbox 986 3300 1117 3341; x_wconf 81' lang='lat' dir='ltr'><strong>meorum</strong></span> <span class='ocrx_word' id='word_1_253' title='bbox 1133 3301 1193 3341; x_wconf 89' lang='lat' dir='ltr'><strong>cm.</strong></span> <span class='ocrx_word' id='word_1_254' title='bbox 1206 3281 1310 3341; x_wconf 84' lang='lat' dir='ltr'><strong>Franc.</strong></span> <span class='ocrx_word' id='word_1_255' title='bbox 1328 3280 1475 3340; x_wconf 65' lang='lat' dir='ltr'><strong>matorum</strong></span> <span class='ocrx_word' id='word_1_256' title='bbox 1491 3302 1552 3340; x_wconf 87' lang='lat' dir='ltr'><strong>om.</strong></span> <span class='ocrx_word' id='word_1_257' title='bbox 1563 3281 1632 3341; x_wconf 91' lang='lat' dir='ltr'><strong>Tur.</strong></span> <span class='ocrx_word' id='word_1_258' title='bbox 1654 3303 1700 3343; x_wconf 86' lang='lat' dir='ltr'><strong>me</strong></span> <span class='ocrx_word' id='word_1_259' title='bbox 1714 3304 1779 3343; x_wconf 74' lang='lat' dir='ltr'><strong>om..</strong></span> <span class='ocrx_word' id='word_1_260' title='bbox 1793 3283 1889 3343; x_wconf 81' lang='lat' dir='ltr'><strong>Gucll.</strong></span> <span class='ocrx_word' id='word_1_261' title='bbox 1902 3285 1930 3354; x_wconf 71' lang='lat' dir='ltr'><strong>d.</strong></span> <span class='ocrx_word' id='word_1_262' title='bbox 1944 3304 1990 3344; x_wconf 82' lang='lat' dir='ltr'><strong>n.</strong></span> 
     </span>
     <span class='ocr_line' id='line_1_26' title="bbox 582 3384 1993 3458; baseline 0.001 -11"><span class='ocrx_word' id='word_1_263' title='bbox 582 3387 682 3447; x_wconf 76' lang='lat' dir='ltr'><strong>Sonat.</strong></span> <span class='ocrx_word' id='word_1_264' title='bbox 699 3408 726 3445; x_wconf 82' lang='grc' dir='ltr'><strong>ι.</strong></span> <span class='ocrx_word' id='word_1_265' title='bbox 741 3388 847 3447; x_wconf 79' lang='lat' dir='ltr'><strong>Hense.</strong></span> <span class='ocrx_word' id='word_1_266' title='bbox 876 3389 961 3448; x_wconf 86' lang='lat' dir='ltr'><strong>Bern.</strong></span> <span class='ocrx_word' id='word_1_267' title='bbox 978 3409 1003 3446; x_wconf 94' lang='grc' dir='ltr'><strong>ι.</strong></span> <span class='ocrx_word' id='word_1_268' title='bbox 1017 3387 1045 3458; x_wconf 67' lang='lat' dir='ltr'><strong>d.</strong></span> <span class='ocrx_word' id='word_1_269' title='bbox 1068 3385 1138 3446; x_wconf 70' lang='lat' dir='ltr'><strong>ttae.</strong></span> <span class='ocrx_word' id='word_1_270' title='bbox 1152 3387 1181 3456; x_wconf 69' lang='lat' dir='ltr'><strong>A.</strong></span> <span class='ocrx_word' id='word_1_271' title='bbox 1196 3385 1315 3444; x_wconf 65' lang='lat' dir='ltr'><strong>euobis</strong></span> <span class='ocrx_word' id='word_1_272' title='bbox 1334 3405 1395 3443; x_wconf 90' lang='lat' dir='ltr'><strong>om.</strong></span> <span class='ocrx_word' id='word_1_273' title='bbox 1412 3384 1509 3444; x_wconf 84' lang='lat' dir='ltr'><strong>Guell.</strong></span> <span class='ocrx_word' id='word_1_274' title='bbox 1527 3406 1575 3443; x_wconf 77' lang='lat' dir='ltr'><strong>to.</strong></span> <span class='ocrx_word' id='word_1_275' title='bbox 1591 3407 1636 3444; x_wconf 75' lang='grc' dir='ltr'><strong>ιι..</strong></span> <span class='ocrx_word' id='word_1_276' title='bbox 1666 3389 1699 3445; x_wconf 86' lang='lat' dir='ltr'><strong>in</strong></span> <span class='ocrx_word' id='word_1_277' title='bbox 1712 3389 1813 3447; x_wconf 87' lang='lat' dir='ltr'><strong>multis</strong></span> <span class='ocrx_word' id='word_1_278' title='bbox 1825 3387 1921 3447; x_wconf 83' lang='lat' dir='ltr'><strong>aedem</strong></span> <span class='ocrx_word' id='word_1_279' title='bbox 1940 3411 1993 3450; x_wconf 81' lang='lat' dir='ltr'><strong>va-</strong></span> 
     </span>
     <span class='ocr_line' id='line_1_27' title="bbox 581 3489 1990 3572; baseline 0.001 -21"><span class='ocrx_word' id='word_1_280' title='bbox 581 3492 652 3551; x_wconf 75' lang='lat' dir='ltr'><strong>riat.</strong></span> <span class='ocrx_word' id='word_1_281' title='bbox 673 3489 811 3567; x_wconf 80' lang='lat' dir='ltr'><strong>beneficia</strong></span> <span class='ocrx_word' id='word_1_282' title='bbox 833 3491 941 3572; x_wconf 38' lang='lat' dir='ltr'><strong>„popuii</strong></span> <span class='ocrx_word' id='word_1_283' title='bbox 957 3489 1089 3549; x_wconf 84' lang='lat' dir='ltr'><strong>Romani</strong></span> <span class='ocrx_word' id='word_1_284' title='bbox 1107 3491 1168 3548; x_wconf 80' lang='lat' dir='ltr'><strong>Bas.</strong></span> <span class='ocrx_word' id='word_1_285' title='bbox 1184 3511 1210 3548; x_wconf 91' lang='lat'><strong>1.</strong></span> <span class='ocrx_word' id='word_1_286' title='bbox 1241 3490 1306 3550; x_wconf 81' lang='lat' dir='ltr'><strong>ben.</strong></span> <span class='ocrx_word' id='word_1_287' title='bbox 1324 3489 1432 3551; x_wconf 80' lang='lat' dir='ltr'><strong>delerit</strong></span> <span class='ocrx_word' id='word_1_288' title='bbox 1445 3489 1527 3548; x_wconf 89' lang='lat' dir='ltr'><strong>Cort.</strong></span> <span class='ocrx_word' id='word_1_289' title='bbox 1547 3492 1708 3550; x_wconf 83' lang='lat' dir='ltr'><strong>secundum</strong></span> <span class='ocrx_word' id='word_1_290' title='bbox 1721 3509 1756 3551; x_wconf 85' lang='lat' dir='ltr'><strong>ea</strong></span> <span class='ocrx_word' id='word_1_291' title='bbox 1783 3493 1862 3553; x_wconf 77' lang='lat' dir='ltr'><strong>Vrat.</strong></span> <span class='ocrx_word' id='word_1_292' title='bbox 1882 3513 1906 3552; x_wconf 89' lang='grc' dir='ltr'><strong>ι.</strong></span> <span class='ocrx_word' id='word_1_293' title='bbox 1928 3492 1990 3552; x_wconf 78' lang='lat' dir='ltr'><strong>lisa.</strong></span> 
     </span>
     <span class='ocr_line' id='line_1_28' title="bbox 590 3593 1991 3676; baseline -0.001 -19"><span class='ocrx_word' id='word_1_294' title='bbox 590 3617 617 3656; x_wconf 83' lang='lat'><strong>1.</strong></span> <span class='ocrx_word' id='word_1_295' title='bbox 628 3606 664 3656; x_wconf 89' lang='lat' dir='ltr'><strong>-et</strong></span> <span class='ocrx_word' id='word_1_296' title='bbox 682 3595 818 3676; x_wconf 79' lang='lat' dir='ltr'><strong>primitas</strong></span> <span class='ocrx_word' id='word_1_297' title='bbox 834 3595 902 3658; x_wconf 83' lang='lat' dir='ltr'><strong>Nar.</strong></span> <span class='ocrx_word' id='word_1_298' title='bbox 917 3597 1016 3674; x_wconf 82' lang='lat' dir='ltr'><strong>plures</strong></span> <span class='ocrx_word' id='word_1_299' title='bbox 1032 3593 1145 3666; x_wconf 77' lang='lat' dir='ltr'><strong>Cottii,</strong></span> <span class='ocrx_word' id='word_1_300' title='bbox 1164 3593 1286 3666; x_wconf 65' lang='lat' dir='ltr'><strong>Wassii,</strong></span> <span class='ocrx_word' id='word_1_301' title='bbox 1306 3593 1427 3653; x_wconf 82' lang='lat' dir='ltr'><strong>Harerc.</strong></span> <span class='ocrx_word' id='word_1_302' title='bbox 1449 3593 1500 3653; x_wconf 82' lang='lat' dir='ltr'><strong>cfr.</strong></span> <span class='ocrx_word' id='word_1_303' title='bbox 1513 3593 1596 3654; x_wconf 85' lang='lat' dir='ltr'><strong>Prisc.</strong></span> <span class='ocrx_word' id='word_1_304' title='bbox 1616 3594 1661 3666; x_wconf 70' lang='lat' dir='ltr'><strong>td.</strong></span> <span class='ocrx_word' id='word_1_305' title='bbox 1676 3616 1701 3653; x_wconf 85' lang='lat'><strong>1.</strong></span> <span class='ocrx_word' id='word_1_306' title='bbox 1715 3595 1783 3666; x_wconf 68' lang='lat'><strong>584.</strong></span> <span class='ocrx_word' id='word_1_307' title='bbox 1803 3595 1857 3656; x_wconf 83' lang='lat' dir='ltr'><strong>Ed.</strong></span> <span class='ocrx_word' id='word_1_308' title='bbox 1871 3594 1923 3655; x_wconf 88' lang='lat' dir='ltr'><strong>Kr.</strong></span> <span class='ocrx_word' id='word_1_309' title='bbox 1940 3595 1991 3655; x_wconf 81' lang='lat' dir='ltr'><strong>sed</strong></span> 
     </span>
     <span class='ocr_line' id='line_1_29' title="bbox 579 3689 1991 3784; baseline -0.001 -22"><span class='ocrx_word' id='word_1_310' title='bbox 579 3702 710 3784; x_wconf 75' lang='lat' dir='ltr'><strong>plurimi</strong></span> <span class='ocrx_word' id='word_1_311' title='bbox 730 3700 799 3761; x_wconf 84' lang='lat' dir='ltr'><strong>libri</strong></span> <span class='ocrx_word' id='word_1_312' title='bbox 819 3709 891 3758; x_wconf 76' lang='lat' dir='ltr'><strong>ant:</strong></span> <span class='ocrx_word' id='word_1_313' title='bbox 912 3698 1008 3760; x_wconf 73' lang='lat' dir='ltr'><strong>sedai</strong></span> <span class='ocrx_word' id='word_1_314' title='bbox 1021 3716 1077 3772; x_wconf 84' lang='lat' dir='ltr'><strong>ec,</strong></span> <span class='ocrx_word' id='word_1_315' title='bbox 1105 3707 1172 3756; x_wconf 70' lang='lat' dir='ltr'><strong>ants</strong></span> <span class='ocrx_word' id='word_1_316' title='bbox 1193 3699 1245 3756; x_wconf 85' lang='lat' dir='ltr'><strong>sed</strong></span> <span class='ocrx_word' id='word_1_317' title='bbox 1256 3717 1292 3758; x_wconf 81' lang='lat' dir='ltr'><strong>ec</strong></span> <span class='ocrx_word' id='word_1_318' title='bbox 1303 3696 1339 3757; x_wconf 86' lang='lat' dir='ltr'><strong>si.</strong></span> <span class='ocrx_word' id='word_1_319' title='bbox 1357 3717 1411 3776; x_wconf 81' lang='lat' dir='ltr'><strong>per</strong></span> <span class='ocrx_word' id='word_1_320' title='bbox 1434 3715 1464 3756; x_wconf 82' lang='lat' dir='ltr'><strong>se</strong></span> <span class='ocrx_word' id='word_1_321' title='bbox 1482 3697 1578 3778; x_wconf 81' lang='lat' dir='ltr'><strong>ipram</strong></span> <span class='ocrx_word' id='word_1_322' title='bbox 1596 3698 1710 3760; x_wconf 77' lang='lat' dir='ltr'><strong>Fabric.</strong></span> <span class='ocrx_word' id='word_1_323' title='bbox 1727 3697 1831 3758; x_wconf 76' lang='lat' dir='ltr'><strong>Vinar.</strong></span> <span class='ocrx_word' id='word_1_324' title='bbox 1844 3719 1871 3764; x_wconf 78' lang='lat' dir='ltr'><strong>a.</strong></span> <span class='ocrx_word' id='word_1_325' title='bbox 1901 3689 1991 3760; x_wconf 66' lang='lat' dir='ltr'><strong>dead.</strong></span> 
     </span>
     <span class='ocr_line' id='line_1_30' title="bbox 587 3800 2036 3882; baseline -0.003 -13"><span class='ocrx_word' id='word_1_326' title='bbox 587 3805 685 3870; x_wconf 82' lang='lat' dir='ltr'><strong>Guell.</strong></span> <span class='ocrx_word' id='word_1_327' title='bbox 706 3807 733 3869; x_wconf 91' lang='lat'><strong>5.</strong></span> <span class='ocrx_word' id='word_1_328' title='bbox 758 3825 803 3862; x_wconf 88' lang='grc' dir='ltr'><strong>ιο.</strong></span> <span class='ocrx_word' id='word_1_329' title='bbox 824 3803 946 3867; x_wconf 69' lang='lat' dir='ltr'><strong>total.</strong></span> <span class='ocrx_word' id='word_1_330' title='bbox 974 3801 1038 3862; x_wconf 76' lang='lat' dir='ltr'><strong>Bas.</strong></span> <span class='ocrx_word' id='word_1_331' title='bbox 1056 3823 1081 3861; x_wconf 93' lang='grc' dir='ltr'><strong>ι.</strong></span> <span class='ocrx_word' id='word_1_332' title='bbox 1111 3800 1245 3880; x_wconf 75' lang='grc' dir='ltr'><strong>ἰριαοιιι.</strong></span> <span class='ocrx_word' id='word_1_333' title='bbox 1270 3801 1368 3860; x_wconf 83' lang='lat' dir='ltr'><strong>Guell.</strong></span> <span class='ocrx_word' id='word_1_334' title='bbox 1383 3801 1455 3862; x_wconf 82' lang='grc'><strong>5.6.</strong></span> <span class='ocrx_word' id='word_1_335' title='bbox 1474 3817 1518 3860; x_wconf 90' lang='grc' dir='ltr'><strong>ιι.·</strong></span> <span class='ocrx_word' id='word_1_336' title='bbox 1543 3805 1623 3882; x_wconf 77' lang='lat' dir='ltr'><strong>qnod</strong></span> <span class='ocrx_word' id='word_1_337' title='bbox 1642 3803 1718 3863; x_wconf 81' lang='lat' dir='ltr'><strong>milti</strong></span> <span class='ocrx_word' id='word_1_338' title='bbox 1736 3804 1800 3864; x_wconf 84' lang='lat' dir='ltr'><strong>mis.</strong></span> <span class='ocrx_word' id='word_1_339' title='bbox 1817 3814 1867 3863; x_wconf 83' lang='lat' dir='ltr'><strong>est.</strong></span> <span class='ocrx_word' id='word_1_340' title='bbox 1897 3815 1939 3866; x_wconf 82' lang='lat' dir='ltr'><strong>est</strong></span> <span class='ocrx_word' id='word_1_341' title='bbox 1958 3805 1990 3864; x_wconf 86' lang='lat' dir='ltr'><strong>in</strong></span> <span class='ocrx_word' id='word_1_342' title='bbox 2029 3821 2036 3835; x_wconf 86' lang='lat'><strong><em>‘</em></strong></span> 
     </span>
     <span class='ocr_line' id='line_1_31' title="bbox 587 3905 1989 3993; baseline -0.001 -22"><span class='ocrx_word' id='word_1_343' title='bbox 587 3913 718 3993; x_wconf 75' lang='lat' dir='ltr'><strong>quinque</strong></span> <span class='ocrx_word' id='word_1_344' title='bbox 739 3909 820 3968; x_wconf 86' lang='lat' dir='ltr'><strong>Cort.</strong></span> <span class='ocrx_word' id='word_1_345' title='bbox 841 3912 942 3968; x_wconf 87' lang='lat' dir='ltr'><strong>locum</strong></span> <span class='ocrx_word' id='word_1_346' title='bbox 958 3917 1061 3968; x_wconf 88' lang='lat' dir='ltr'><strong>mutat.</strong></span> <span class='ocrx_word' id='word_1_347' title='bbox 1083 3905 1158 3966; x_wconf 80' lang='lat' dir='ltr'><strong>milti</strong></span> <span class='ocrx_word' id='word_1_348' title='bbox 1178 3905 1257 3966; x_wconf 81' lang='lat' dir='ltr'><strong>abest</strong></span> <span class='ocrx_word' id='word_1_349' title='bbox 1275 3905 1401 3966; x_wconf 56' lang='lat' dir='ltr'><strong>licina.</strong></span> <span class='ocrx_word' id='word_1_350' title='bbox 1418 3905 1502 3968; x_wconf 75' lang='lat' dir='ltr'><strong>Leto.</strong></span> <span class='ocrx_word' id='word_1_351' title='bbox 1518 3909 1538 3972; x_wconf 91' lang='lat' dir='ltr'><strong>i.</strong></span> <span class='ocrx_word' id='word_1_352' title='bbox 1560 3917 1653 3968; x_wconf 84' lang='lat' dir='ltr'><strong>estet</strong></span> <span class='ocrx_word' id='word_1_353' title='bbox 1673 3908 1749 3967; x_wconf 79' lang='lat' dir='ltr'><strong>milri</strong></span> <span class='ocrx_word' id='word_1_354' title='bbox 1768 3929 1829 3968; x_wconf 89' lang='lat' dir='ltr'><strong>om.</strong></span> <span class='ocrx_word' id='word_1_355' title='bbox 1846 3909 1989 3970; x_wconf 67' lang='lat' dir='ltr'><strong>(tustra</strong></span> 
     </span>
     <span class='ocr_line' id='line_1_32' title="bbox 585 4009 1989 4095; baseline 0.001 -22"><span class='ocrx_word' id='word_1_356' title='bbox 585 4014 695 4095; x_wconf 75' lang='lat' dir='ltr'><strong>recepti</strong></span> <span class='ocrx_word' id='word_1_357' title='bbox 707 4023 785 4076; x_wconf 80' lang='lat' dir='ltr'><strong>sunt.</strong></span> <span class='ocrx_word' id='word_1_358' title='bbox 806 4023 945 4076; x_wconf 84' lang='lat' dir='ltr'><strong>suntom.</strong></span> <span class='ocrx_word' id='word_1_359' title='bbox 960 4012 1029 4072; x_wconf 78' lang='lat' dir='ltr'><strong>vtn.</strong></span> <span class='ocrx_word' id='word_1_360' title='bbox 1051 4032 1078 4076; x_wconf 80' lang='lat' dir='ltr'><strong>a.</strong></span> <span class='ocrx_word' id='word_1_361' title='bbox 1106 4012 1139 4070; x_wconf 84' lang='lat' dir='ltr'><strong>in</strong></span> <span class='ocrx_word' id='word_1_362' title='bbox 1153 4019 1265 4091; x_wconf 70' lang='lat' dir='ltr'><strong>reptem</strong></span> <span class='ocrx_word' id='word_1_363' title='bbox 1286 4010 1350 4070; x_wconf 81' lang='lat' dir='ltr'><strong>aliia</strong></span> <span class='ocrx_word' id='word_1_364' title='bbox 1367 4013 1466 4070; x_wconf 86' lang='lat' dir='ltr'><strong>locum</strong></span> <span class='ocrx_word' id='word_1_365' title='bbox 1489 4023 1592 4072; x_wconf 86' lang='lat' dir='ltr'><strong>mutat.</strong></span> <span class='ocrx_word' id='word_1_366' title='bbox 1614 4009 1861 4082; x_wconf 66' lang='lat' dir='ltr'><strong>instituiturruct&#39;t.</strong></span> <span class='ocrx_word' id='word_1_367' title='bbox 1881 4012 1989 4086; x_wconf 63' lang='lat' dir='ltr'><strong>Beck.</strong></span> 
     </span>
     <span class='ocr_line' id='line_1_33' title="bbox 585 4113 1987 4199; baseline 0 -19"><span class='ocrx_word' id='word_1_368' title='bbox 585 4118 657 4190; x_wconf 67' lang='lat' dir='ltr'><strong>Tur.</strong></span> <span class='ocrx_word' id='word_1_369' title='bbox 676 4119 760 4180; x_wconf 83' lang='lat' dir='ltr'><strong>Beru.</strong></span> <span class='ocrx_word' id='word_1_370' title='bbox 776 4140 800 4178; x_wconf 87' lang='lat'><strong>1.</strong></span> <span class='ocrx_word' id='word_1_371' title='bbox 811 4119 977 4199; x_wconf 64' lang='lat' dir='ltr'><strong>,medardo</strong></span> <span class='ocrx_word' id='word_1_372' title='bbox 992 4115 1087 4177; x_wconf 79' lang='lat' dir='ltr'><strong>edidit</strong></span> <span class='ocrx_word' id='word_1_373' title='bbox 1100 4114 1216 4178; x_wconf 85' lang='lat' dir='ltr'><strong>Gruter.</strong></span> <span class='ocrx_word' id='word_1_374' title='bbox 1232 4115 1377 4184; x_wconf 84' lang='lat' dir='ltr'><strong>incertum</strong></span> <span class='ocrx_word' id='word_1_375' title='bbox 1392 4133 1430 4174; x_wconf 79' lang='lat' dir='ltr'><strong>en</strong></span> <span class='ocrx_word' id='word_1_376' title='bbox 1440 4133 1480 4174; x_wconf 84' lang='lat' dir='ltr'><strong>ex</strong></span> <span class='ocrx_word' id='word_1_377' title='bbox 1492 4113 1589 4175; x_wconf 85' lang='lat' dir='ltr'><strong>Codd.</strong></span> <span class='ocrx_word' id='word_1_378' title='bbox 1614 4117 1771 4196; x_wconf 66' lang='lat' dir='ltr'><strong>progenies</strong></span> <span class='ocrx_word' id='word_1_379' title='bbox 1789 4117 1830 4177; x_wconf 78' lang='lat' dir='ltr'><strong>ita</strong></span> <span class='ocrx_word' id='word_1_380' title='bbox 1850 4115 1987 4185; x_wconf 83' lang='lat' dir='ltr'><strong>Giscoon.</strong></span> 
     </span>
     <span class='ocr_line' id='line_1_34' title="bbox 582 4215 1987 4304; baseline 0.001 -22"><span class='ocrx_word' id='word_1_381' title='bbox 582 4221 685 4288; x_wconf 79' lang='lat' dir='ltr'><strong>-Ursin,</strong></span> <span class='ocrx_word' id='word_1_382' title='bbox 705 4229 825 4304; x_wconf 70' lang='lat' dir='ltr'><strong>Popula.</strong></span> <span class='ocrx_word' id='word_1_383' title='bbox 852 4222 919 4304; x_wconf 81' lang='lat' dir='ltr'><strong>pati</strong></span> <span class='ocrx_word' id='word_1_384' title='bbox 929 4243 974 4282; x_wconf 87' lang='lat' dir='ltr'><strong>me</strong></span> <span class='ocrx_word' id='word_1_385' title='bbox 992 4231 1124 4302; x_wconf 79' lang='lat' dir='ltr'><strong>nepotem</strong></span> <span class='ocrx_word' id='word_1_386' title='bbox 1141 4215 1324 4280; x_wconf 66' lang='lat' dir='ltr'><strong>Montano.</strong></span> <span class='ocrx_word' id='word_1_387' title='bbox 1346 4239 1392 4279; x_wconf 86' lang='lat' dir='ltr'><strong>me</strong></span> <span class='ocrx_word' id='word_1_388' title='bbox 1413 4239 1444 4278; x_wconf 88' lang='lat' dir='ltr'><strong>n.</strong></span> <span class='ocrx_word' id='word_1_389' title='bbox 1459 4217 1504 4279; x_wconf 83' lang='lat' dir='ltr'><strong>M.</strong></span> <span class='ocrx_word' id='word_1_390' title='bbox 1525 4219 1649 4279; x_wconf 87' lang='lat' dir='ltr'><strong>delenda</strong></span> <span class='ocrx_word' id='word_1_391' title='bbox 1674 4231 1846 4282; x_wconf 84' lang='lat' dir='ltr'><strong>censuerant</strong></span> <span class='ocrx_word' id='word_1_392' title='bbox 1870 4221 1987 4300; x_wconf 79' lang='lat' dir='ltr'><strong>Gruter.</strong></span> 
     </span>
     <span class='ocr_line' id='line_1_35' title="bbox 585 4323 1985 4411; baseline 0.001 -25"><span class='ocrx_word' id='word_1_393' title='bbox 585 4325 723 4410; x_wconf 80' lang='lat' dir='ltr'><strong>Bongars.</strong></span> <span class='ocrx_word' id='word_1_394' title='bbox 744 4325 859 4388; x_wconf 78' lang='lat' dir='ltr'><strong>Punch.</strong></span> <span class='ocrx_word' id='word_1_395' title='bbox 878 4325 960 4392; x_wconf 86' lang='lat' dir='ltr'><strong>Gort.</strong></span> <span class='ocrx_word' id='word_1_396' title='bbox 980 4326 1072 4388; x_wconf 78' lang='lat' dir='ltr'><strong>sedai</strong></span> <span class='ocrx_word' id='word_1_397' title='bbox 1088 4323 1174 4388; x_wconf 74' lang='lat' dir='ltr'><strong>Faba</strong></span> <span class='ocrx_word' id='word_1_398' title='bbox 1188 4345 1218 4386; x_wconf 76' lang='grc' dir='ltr'><strong>ι.</strong></span> <span class='ocrx_word' id='word_1_399' title='bbox 1238 4324 1319 4390; x_wconf 80' lang='lat' dir='ltr'><strong>Vnt.</strong></span> <span class='ocrx_word' id='word_1_400' title='bbox 1339 4325 1398 4391; x_wconf 89' lang='lat' dir='ltr'><strong>inc.</strong></span> <span class='ocrx_word' id='word_1_401' title='bbox 1418 4323 1487 4388; x_wconf 76' lang='lat' dir='ltr'><strong>vin.</strong></span> <span class='ocrx_word' id='word_1_402' title='bbox 1499 4343 1527 4384; x_wconf 81' lang='lat' dir='ltr'><strong>a.</strong></span> <span class='ocrx_word' id='word_1_403' title='bbox 1547 4325 1642 4388; x_wconf 84' lang='lat' dir='ltr'><strong>Strur.</strong></span> <span class='ocrx_word' id='word_1_404' title='bbox 1663 4324 1732 4409; x_wconf 82' lang='lat' dir='ltr'><strong>Teg.</strong></span> <span class='ocrx_word' id='word_1_405' title='bbox 1754 4324 1904 4411; x_wconf 70' lang='lat' dir='ltr'><strong>leidig.</strong></span> <span class='ocrx_word' id='word_1_406' title='bbox 1916 4325 1985 4388; x_wconf 65' lang='grc' dir='ltr'><strong>Μ.</strong></span> 
     </span>
    </p>
   </div>
   <div class='ocr_carea' id='block_1_4' title="bbox 0 0 2296 5320">
    <p class='ocr_par' dir='ltr' id='par_1_4' title="bbox 0 0 2296 5320">
     <span class='ocr_line' id='line_1_36' title="bbox 0 0 2296 5320; baseline 0 3"><span class='ocrx_word' id='word_1_407' title='bbox 0 0 2296 5320; x_wconf 95' lang='lat' dir='ltr'><strong> </strong></span> 
     </span>
    </p>
   </div>
  </div>
 </body>
</html>
