4570 5316
639 341 710 434 146

636 518 708 594 bus
726 517 858 596 facere.
909 521 1051 594 Contra
1069 541 1114 594 ea
1134 515 1320 622 oppidani
1338 515 1381 592 iu
1399 541 1606 620 proxumos
1621 539 1709 590 saxa
1726 513 1896 608 volvere3
1914 514 2037 605 sudes,

637 643 741 746 pila,
760 659 943 748 praeterea
966 643 1090 745 picem
1104 640 1292 744 sulphure
1307 656 1345 714 et
1365 639 1461 716 taeda
1489 641 1649 714 mixtam
1674 637 1847 712 ardentia
1861 637 2035 712 mittere.

638 767 712 842 Sed
750 795 800 844 ne
831 766 916 842 illos
949 764 1124 868 quidem,
1153 765 1222 866 qui
1244 763 1381 867 procul
1404 779 1644 854 manserant,
1668 761 1784 836 timor
1810 760 1931 836 animi
1950 760 2039 840 satis

640 890 884 988 muniverat3
917 916 1009 963 nam
1042 889 1243 992 plerosque
1276 885 1402 961 iacula
1415 886 1630 988 ponnentis
1665 901 1734 960 aut
1764 912 1885 960 manu
1908 884 2040 960 emissa
2160 919 2164 930 ·

639 1013 892 1090 volnerabant
907 1013 1070 1117 parique
1090 1011 1282 1115 periculo,
1303 1009 1368 1086 sed
1387 1009 1489 1085 fama
1506 1009 1663 1114 impari,
1683 1009 1778 1084 boni
1803 1025 1920 1110 atque
1936 1008 2041 1111 igna-

592 1154 630 1216 58
643 1135 681 1212 vi
700 1153 820 1214 erant
875 1138 982 1212 Dum
1003 1135 1108 1240 apud
1122 1137 1282 1210 Zamam
1295 1134 1349 1212 sic
1366 1149 1546 1224 certatur,
1570 1132 1758 1238 Iugurtha
1775 1135 1822 1207 ex
1839 1130 2042 1236 improviso

641 1277 761 1336 castra
780 1259 952 1336 hostium
972 1288 1063 1335 cum
1086 1285 1223 1362 magna
1245 1287 1366 1334 mauu
1382 1258 1560 1336 invadit:
1585 1257 1767 1346 remissis,
1788 1253 1857 1360 qui
1879 1256 1920 1329 in
1946 1280 2041 1359 prae÷

639 1383 737 1458 sidio
759 1402 887 1474 erant,
906 1400 945 1460 et
964 1384 1092 1459 omnia
1104 1383 1222 1490 magis
1234 1411 1352 1486 quam
1363 1382 1542 1486 proelium
1554 1379 1877 1486 exspectantibus,
1892 1393 2043 1482 portam

642 1508 831 1612 irrumpit
852 1511 902 1583 At
918 1508 1055 1598 nostri,
1073 1507 1274 1611 repentino
1287 1521 1392 1581 metu
1408 1505 1583 1610 perculsi,
1598 1505 1671 1580 sibi
1696 1505 1858 1606 quisque
1876 1529 1947 1606 pro
1963 1527 2042 1575 mo·

642 1631 748 1706 ribus
770 1632 996 1707 consulunt:
1029 1631 1096 1705 alii
1114 1630 1262 1734 sugere,
1282 1628 1348 1703 alii
1368 1655 1474 1702 arma
1497 1654 1632 1732 capere
1653 1660 1663 1702 τ
1690 1655 1827 1732 magna
1858 1651 1946 1729 pars
1965 1624 2043 1698 vol·

643 1755 766 1830 nerati
783 1772 851 1830 aut
867 1756 988 1830 occisi.
1024 1757 1200 1829 Ceterum
1213 1779 1259 1827 ex
1276 1751 1382 1826 omni
1398 1749 1649 1826 multitudine
1664 1777 1745 1826 non
1769 1748 1934 1852 amplius
1952 1774 2045 1850 qua·

643 1876 842 1980 draginta,
877 1902 1060 1952 memores
1086 1874 1254 1950 nominis
1283 1875 1462 1964 Romani,
1502 1900 1610 1978 grege
1636 1873 1736 1949 facto
1762 1873 1892 1948 locum
1916 1895 2045 1975 cepere

644 1998 778 2103 paullo
798 2026 916 2102 quam
936 1999 1003 2072 alii
1021 1998 1249 2091 editiorem,
1274 2024 1400 2099 neque
1419 1997 1510 2074 inde
1530 2024 1708 2072 maxuma
1736 1996 1774 2072 vi
1796 1995 1936 2100 depelli
1962 1993 2045 2097 qui-

645 2140 805 2198 verunt:
829 2121 894 2198 sed
917 2121 990 2198 tela
1013 2121 1161 2197 eminus
1175 2120 1285 2195 missa
1300 2121 1508 2214 remittere,
1527 2121 1643 2224 pauci
1665 2121 1707 2196 in
1722 2119 1899 2224 pluribus
1920 2119 2046 2193 minus

646 2245 833 2322 frustrati:
848 2246 908 2320 sin
924 2243 1100 2319 Numidae
1116 2243 1274 2348 propius
1290 2243 1542 2334 accessissent,
1558 2243 1612 2318 ibi
1628 2269 1716 2319 vero
1733 2244 1914 2319 virtutem
1928 2258 2046 2318 osten·

648 2370 737 2446 dere
763 2386 802 2444 et
826 2394 887 2444 eos
915 2393 1095 2442 maxuma
1122 2367 1158 2440 vi
1185 2365 1346 2456 credere,
1376 2365 1678 2470 illuderentque
1702 2365 1843 2472 fugare.
1890 2363 2048 2442 Interim

647 2493 822 2569 Metellus
844 2518 967 2595 quum
991 2516 1187 2566 acerrume
1209 2515 1290 2564 rem
1307 2505 1464 2594 gereret,
1495 2489 1702 2566 clamorem
1716 2487 1960 2567 hostilemab
1978 2506 2048 2565 ter·

649 2643 695 2722 go
721 2617 891 2720 accepit:
916 2614 1025 2704 dein,
1049 2639 1231 2690 convorso
1251 2639 1351 2715 equo
1383 2611 1674 2704 animadvortit,
1694 2613 1825 2720 fugam
1846 2613 1897 2690 ad
1913 2640 1952 2690 se
1967 2640 2052 2690 vor·

649 2767 735 2817 sum
768 2739 879 2815 fieri:
906 2765 992 2842 quae
1016 2763 1073 2814 res
1106 2738 1305 2813 indicabat
1335 2735 1532 2840 popularis
1558 2763 1642 2814 esse.
1690 2739 1813 2844 Igitur
1836 2738 2048 2843 equitatum

654 2942 680 2981 r.
700 2921 767 2985 Seu.
782 2942 808 2979 ι.
825 2928 968 3001 praterea
979 2917 1046 2999 pice
1056 2925 1084 2977 ct
1097 2917 1236 2998 sulphure
1250 2917 1361 2977 tudam
1379 2914 1497 2976 mr'stcm
1508 2917 1649 2978 ardentia
1663 2917 1788 2980 nutura.
1808 2917 1887 2980 hanc
1896 2920 2047 2980 lectionem

650 3025 735 3091 Grut.
750 3047 784 3086 ex
796 3026 962 3086 coniectura
973 3023 1097 3098 invexit,
1108 3024 1148 3081 ita
1160 3021 1231 3103 legit
1244 3021 1325 3082 Vrat.
1338 3041 1363 3082 1.
1381 3019 1476 3102 picem
1484 3031 1512 3082 et
1525 3022 1663 3102 sulphure
1676 3025 1786 3083 tudam
1798 3023 1925 3084 mrawm
1935 3018 2050 3084 ardenti

650 3129 736 3190 Febr.
753 3129 840 3192 llirii.
854 3129 931 3193 tur.
948 3127 1043 3210 picem
1055 3127 1194 3208 ntlphurc
1207 3135 1236 3186 ct
1253 3127 1363 3186 tudam
1379 3125 1505 3186 mixtam
1517 3126 1639 3187 ardnrti
1647 3126 1749 3188 Carrio
1761 3127 1863 3190 edidit.
1878 3131 2048 3191 confimraut

650 3234 736 3295 Febr.
747 3255 775 3294 a.
788 3235 885 3299 Strnr.
897 3233 966 3295 Ecc.
976 3232 1103 3298 Guelia.
1114 3254 1178 3314 Μ.
1196 3229 1444 3290 leid.d.c.l.h.i.
1453 3232 1481 3291 k.
1498 3232 1556 3297 Pal.
1567 3252 1595 3292 a.
1608 3232 1635 3298 5.
1649 3254 1678 3315 7.
1697 3233 1990 3315 udphurctpicemet
2000 3243 2048 3293 tc-

652 3339 726 3398 dcm
733 3339 858 3398 mictrun
869 3338 1007 3398 ardentia
1026 3339 1107 3399 Vrat.
1117 3337 1245 3418 apicem
1259 3336 1397 3415 udphurc
1412 3343 1441 3396 tt
1457 3337 1566 3397 taedom
1581 3337 1708 3399 mutam
1719 3338 1841 3400 ardenti
1857 3335 1943 3399 rabr.
1957 3360 1983 3398 r.
1996 3341 2047 3398 luo

658 3461 685 3502 ι.
712 3441 798 3501 Rem.
812 3464 839 3502 r.
859 3442 940 3503 Vrat.
951 3439 980 3502 3.
1001 3439 1099 3502 Guels.
1115 3461 1160 3501 ια.
1182 3440 1338 3505 Paris.a.e.
1351 3439 1451 3512 Bas-d.
1481 3441 1628 3504 accedunt
1644 3443 1742 3504 Sonat.
1754 3464 1780 3504 a.
1801 3444 1901 3504 Hense.
1917 3443 2013 3509 Guell.
2025 3463 2046 3502 ι.

657 3565 705 3609 ιο.
721 3565 768 3605 ιι.
788 3544 838 3605 sed
851 3556 964 3612 mutato
974 3544 1130 3606 verborum
1144 3545 1264 3619 ordine,
1284 3547 1398 3626 copulae
1412 3548 1537 3607 maxime
1553 3549 1699 3628 positione
1713 3550 1852 3612 variante.
1871 3549 1978 3609 similes
1987 3554 2047 3608 suut

653 3651 722 3714 vin.
735 3670 764 3711 a.
777 3659 807 3710 et
819 3645 942 3712 Rem-a.
962 3651 1017 3710 nisi
1035 3649 1116 3730 quod
1131 3648 1268 3709 arderetis
1282 3652 1393 3731 legunt
1414 3633 1506 3712 taedcs
1517 3651 1784 3713 mrlz'tasnrderuic.
1804 3652 1901 3714 Guell.
1912 3653 1943 3714 ὅ.
1960 3647 2048 3734 pietat

581 3781 585 3786 ·
654 3775 723 3816 cum
742 3755 880 3837 sulphruu
912 3763 941 3814 ct
957 3755 1038 3814 tuda
1067 3751 1193 3812 mictum
1217 3751 1356 3812 ardemus
1381 3751 1471 3815 dead.
1496 3755 1592 3835 pr'cem
1608 3757 1746 3837 srdplutrc
1770 3767 1799 3819 ot
1827 3761 1907 3818 toedc
1928 3759 2058 3818 mutam

654 3859 795 3922 ardentia
814 3860 882 3922 vin.
900 3859 926 3924 ι’.
947 3858 1009 3924 Bet.
1022 3878 1048 3919 ι.
1067 3859 1134 3923 Seu.
1153 3875 1178 3918 ι.
1199 3855 1284 3922 Paris.
1297 3879 1325 3918 c.
1337 3856 1368 3923 d.
1386 3858 1511 3924 Bermd.
1538 3859 1636 3920 Pemlr.
1656 3861 1689 3921 li.
1708 3860 1779 3923 Pub.
1799 3863 1936 3928 Markn.
1957 3859 2046 3923 Guell.

652 3964 685 4036 4.
705 3964 786 4026 Ltid.
797 3968 819 4030 l.
840 3965 926 4024 ctiam
939 3963 1007 4023 Nar.
1027 3965 1084 4022 nisi
1103 3961 1185 4044 quod
1204 3963 1409 4046 tudam-legit.
1440 3963 1542 4024 omruu
1552 3963 1618 4026 huc
1629 3966 1768 4026 ardentm
1787 3970 1900 4048 aliquot
1910 3965 2047 4028 Palmcrii.

655 4059 905 4130 omnicardciurir
923 4066 1004 4128 Leid.
1015 4089 1044 4150 g.
1063 4068 1115 4128 scd
1132 4087 1169 4128 ne
1184 4066 1249 4128 dios
1266 4069 1396 4148 quidemr
1413 4069 1531 4150 quiden
1550 4090 1617 4131 oms
1632 4072 1739 4137 Vinar.
1750 4092 1779 4131 a.
1799 4073 1896 4134 Strnv.
1917 4072 2035 4152 Gnell7

658 4191 707 4234 ras
728 4178 897 4256 neclegens
914 4173 1000 4234 Bam.
1017 4192 1044 4233 1.
1063 4171 1130 4233 Ecc-
1149 4172 1274 4236 Romu.
1292 4173 1404 4235 Sena.
1424 4173 1525 4236 neum
1546 4174 1643 4235 Guell.
1656 4176 1685 4246 4.
1705 4177 1794 4236 etiarn
1807 4175 1859 4243 Ar.
1879 4179 1981 4240 inea.
2001 4173 2045 4258 qui

655 4285 753 4337 tomen
768 4276 886 4357 quidem
904 4278 1074 4342 omiserunt.
1092 4277 1287 4340 vulnerabant
1305 4275 1357 4345 Ac.
1375 4277 1444 4340 sen.
1459 4297 1488 4346 a.
1507 4279 1609 4343 Hense.
1627 4281 1708 4346 Vrat.
1721 4301 1750 4341 a.
