4582 5320
606 450 658 559 9‘3'

612 645 690 705 tem
711 623 753 701 in
772 625 933 730 imperio
958 637 1096 710 restro,
1122 619 1235 694 sicuti
1252 617 1406 708 videtis,
1427 634 1615 694 extorrem
1632 618 1755 723 patria
1769 675 1778 710 ,
1792 617 1907 696 domo
1927 618 2011 694 ino'·

611 778 706 856 pem
722 765 761 825 et
785 763 1007 851 coopertum
1028 744 1186 820 miseriis
1205 742 1346 832 effecit,
1365 758 1410 818 ut
1439 742 1567 844 ubivis·
1589 742 1708 816 tutius
1728 769 1846 846 quam
1865 743 1909 817 in
1927 767 2012 816 meo

612 893 727 980 regno
744 897 867 948 essem.
900 872 979 974 Ego
1009 868 1063 942 sie
1089 865 1382 955 existumaham,
1408 867 1534 940 Patres
1565 864 1789 968 conscripti,
1814 881 1860 940 ut
1876 864 2013 970 praedi-

612 1012 763 1075 cantem
796 993 1017 1070 audiveram
1049 1006 1198 1094 patrem
1222 1011 1352 1064 meum
1359 1019 1370 1082 3
1405 988 1473 1090 qui
1506 1004 1666 1063 vestram
1691 987 1899 1064 amicitiam
1924 989 2013 1064 dili-

611 1135 742 1223 genter
756 1117 940 1204 colerent‚
957 1140 1018 1189 eos
1042 1113 1211 1187 multum
1226 1111 1395 1187 laborem
1411 1111 1618 1215 suscipere:
1643 1127 1812 1187 ceterum
1826 1137 1872 1187 ex
1892 1112 2013 1188 omni-

611 1243 683 1316 bus
702 1266 880 1316 maxume
908 1254 1007 1312 tutos
1028 1261 1109 1311 esse.
1159 1234 1276 1332 Quod
1305 1235 1347 1308 in
1370 1232 1515 1307 familia
1544 1249 1672 1308 nostra
1702 1233 1795 1324 fuit,
1824 1235 2015 1338 praestitit,

613 1365 672 1441 uti
696 1363 738 1438 in
761 1363 938 1438 omnibus
962 1358 1069 1432 bellis
1094 1358 1235 1432 adesset
1255 1357 1380 1448 robis3
1405 1381 1472 1430 nos
1490 1354 1548 1429 uti
1567 1382 1637 1459 per
1654 1356 1776 1431 otium
1798 1357 1873 1468 tuti
1899 1357 2015 1432 simus

613 1489 656 1562 in
681 1503 800 1562 vestra
821 1511 942 1558 manu
961 1498 1032 1570 est,
1056 1483 1182 1555 Patres
1206 1479 1420 1583 conscripti.
1463 1481 1573 1554 Pater
1594 1503 1663 1552 nos
1690 1477 1785 1554 duos
1809 1478 1941 1554 iratres
1960 1507 2016 1554 re-

612 1609 749 1713 liquit:
770 1608 948 1696 tertium,
973 1602 1222 1708 Iugurtham,
1243 1600 1434 1677 beneficiis
1453 1601 1530 1676 suis
1556 1615 1660 1680 ratus
1682 1602 1934 1678 coniunctum
1949 1629 2017 1678 no-

612 1732 673 1808 bis
689 1731 769 1808 sore
780 1762 792 1824 3
815 1731 912 1806 alter
929 1755 1063 1803 eorum
1084 1742 1240 1800 necatus
1265 1740 1337 1814 est,
1364 1722 1519 1798 alterius
1537 1723 1615 1827 ipse
1635 1751 1703 1828 ego
1723 1751 1859 1802 manus
1882 1726 2017 1829 impias

613 1855 677 1930 vix
700 1852 824 1957 effugi.
873 1849 981 1948 Quid
1004 1851 1140 1954 agarai
1174 1875 1252 1950 quo
1274 1847 1527 1950 potissumum
1553 1845 1688 1921 infelix
1713 1847 1919 1923 accedam?
1958 1875 2018 1953 ge·

488 1989 496 2010 ⁸
614 1977 716 2051 neris
734 1973 908 2080 praesidia
929 1973 1057 2048 omnia
1076 1970 1258 2044 exstincta
1284 1985 1397 2058 sunt,
1423 1985 1548 2072 puter,
1574 1968 1633 2043 uti
1652 1995 1798 2044 necesse
1824 1986 1924 2060 erat,
1949 1997 2016 2058 na-

617 2116 713 2174 turae
748 2095 947 2189 concessit;
982 2092 1116 2183 fratri,
1146 2119 1262 2194 quem
1296 2093 1469 2166 minume
1497 2090 1646 2182 decuit,
1671 2092 1930 2196 propinquus,
1950 2119 2018 2197 per

615 2222 735 2298 scelus
769 2220 888 2294 vitam
923 2216 1087 2320 eripuit;
1123 2213 1278 2304 adfinis,
1303 2215 1464 2301 amicos,
1489 2214 1727 2317 propinquos
1759 2232 1899 2291 ceteros
1918 2243 2018 2293 meos

617 2345 740 2420 alium
763 2342 839 2416 alia
868 2339 991 2416 clades
1016 2337 1220 2442 oppressit:
1246 2337 1348 2442 capti
1379 2337 1429 2412 ab
1454 2335 1660 2441 Iugurtha,
1685 2363 1772 2442 pars
1800 2337 1843 2415 in
1867 2365 2018 2416 crucem

610 2467 711 2554 aeti,
733 2491 821 2568 pars
850 2462 977 2538 bestiis
1004 2461 1143 2537 obiecti
1173 2475 1285 2555 aunt3
1316 2460 1455 2551 Pauci,
1481 2459 1622 2562 quibus
1640 2461 1771 2537 relicta
1797 2479 1853 2539 est
1872 2465 2020 2555 anima,

617 2589 736 2666 clausi
755 2589 798 2662 in
823 2585 1006 2675 tenebris,
1033 2611 1123 2659 oum
1142 2608 1306 2659 moerore
1324 2599 1363 2657 et
1383 2583 1510 2672 luctu,
1527 2599 1652 2658 morte
1667 2589 1882 2688 ,graviorem
1901 2591 2018 2663 vitam

615 2713 782 2815 erigunt.
826 2711 873 2784 'Si
908 2705 1185 2809 omnia‚''quae
1218 2721 1287 2780 aut
1308 2707 1416 2780 amisi
1457 2721 1526 2782 aut
1551 2733 1597 2781 ex
1627 2711 1841 2786 necessariis
1857 2710 2018 2788 aduorso

616 2833 717 2910 sacta
736 2848 849 2922 sunt,
866 2830 1074 2906 incolumia
1095 2844 1315 2920 manerent,
1332 2844 1476 2919 tamen,
1493 2828 1524 2903 si
1546 2829 1642 2932 quid
1661 2833 1753 2906 mali
1771 2859 1817 2908 ex
1838 2832 2019 2938 improvi-

615 3013 652 3074 in¹
669 3015 739 3093 unp.
760 3031 884 3094 praepos.
898 3031 964 3076 om.
976 3010 1038 3072 Bas.
1053 3031 1080 3068 ι.
1092 3008 1120 3081 A.
1140 3008 1207 3068 Sen.
1227 3029 1252 3067 ι.
1272 3009 1332 3069 inc.
1353 3010 1449 3070 Strur.
1480 3007 1584 3069 Frenc.
1603 3009 1718 3072 Vratial.
1735 3017 1763 3076 3.
1791 3013 1929 3088 Gueltd.
1941 3017 1972 3078 6.
1985 3037 2016 3078 ιι

620 3139 666 3178 ιι.
687 3118 774 3178 sicuti
791 3117 912 3189 Fabr,r.
933 3118 1035 3176 ineert.
1054 3135 1082 3178 ι.
1102 3113 1199 3172 Guelf.
1212 3113 1241 3172 6.
1262 3121 1317 3172 tres
1329 3115 1382 3172 alii
1396 3133 1430 3173 ex
1445 3113 1528 3175 Cort.
1550 3114 1627 3174 Non.
1644 3137 1674 3190 ι,
1691 3118 1739 3186 48.
1760 3117 1822 3183 Bas.
1834 3141 1860 3178 1.
1877 3118 1906 3191 A.
1932 3121 2022 3182 tutior

613 3222 714 3286 Guelf.
732 3243 777 3281 ιι.
798 3223 859 3282 ine.
889 3220 1045 3280 auderem
1062 3219 1113 3278 -sic
1138 3217 1230 3276 edidit
1255 3213 1370 3276 Gruter.
1399 3219 1536 3284 confirm.
1563 3219 1676 3280 Fabric.
1695 3243 1719 3278 ι.
1747 3223 1842 3284 Strur.
1874 3223 1971 3286 Gueli.
1987 3246 2020 3305 Ὶ9.

615 3326 697 3385 Vrat.
718 3327 876 3404 dilrpenter
888 3326 943 3384 col.
955 3322 1040 3402 dilig.
1061 3343 1125 3382 om.
1139 3320 1225 3380 Febr.
1241 3341 1267 3380 ι.
1288 3321 1357 3381 vin.
1370 3341 1397 3384 ι.
1419 3321 1499 3387 Vtut.
1511 3345 1538 3384 a.
1561 3325 1658 3389 Guels.
1669 3324 1698 3384 5.
1717 3328 1800 3387 Leid.
1812 3331 1834 3387 l.
1855 3330 2023 3390 unusWae·

615 3429 662 3490 sii.
682 3428 806 3487 muttum
822 3427 930 3487 laboris
949 3427 1074 3497 Bermd.
1095 3425 1189 3488 Vatic-
1211 3428 1322 3485 adesset
1336 3427 1428 3486 votts.
1449 3429 1490 3488 itu
1507 3429 1628 3489 Harerc.
1650 3430 1752 3490 edidit.
1768 3429 1850 3492 hunc
1868 3431 2021 3494 verborum

616 3532 770 3602 ordinem,
782 3551 875 3611 quem
901 3550 1003 3590 omnes
1018 3532 1075 3590 sere
1094 3529 1269 3589 confirmare
1279 3531 1437 3605 ridentur,
1458 3532 1575 3592 coruus
1593 3536 1734 3613 eorrupit.
1755 3537 1888 3595 adessent
1905 3537 2023 3596 Museb.

617 3635 722 3694 Frane.
741 3635 812 3693 Tur.
833 3653 925 3692 manu
943 3641 1040 3694 vestra
1060 3633 1148 3692 situm
1167 3641 1208 3692 est
1228 3633 1289 3694 duo
1308 3634 1412 3694 Cortii.
1434 3635 1515 3696 Leid.
1532 3639 1553 3696 s.
1579 3645 1677 3697 vestro
1694 3656 1786 3698 manu
1799 3649 1842 3702 est
1870 3640 1934 3700 Bes.
1956 3663 1981 3700 ι.
1995 3643 2023 3712 ί.

617 3739 687 3798 Tur.
707 3739 796 3798 Beru.
817 3758 843 3795 ι.
864 3742 891 3798 3.
911 3737 940 3807 4.
957 3741 1002 3796 est
1020 3755 1081 3794 om.
1107 3735 1213 3796 trane.
1233 3747 1274 3797 ert
1288 3759 1382 3799 maru
1402 3741 1461 3799 Erl.
1491 3751 1572 3801 ratus
1589 3752 1630 3802 est
1647 3741 1836 3804 coniunctum
1853 3745 2022 3823 uobirfore.

612 3844 677 3904 ¹hoc
690 3843 793 3902 ordine
810 3841 895 3901 Febr.
914 3841 977 3898 Bas.
994 3860 1018 3898 ι.
1033 3841 1061 3910 4.
1082 3839 1172 3904 teat.
1192 3839 1292 3900 Guelf.
1306 3861 1337 3901 r.
1355 3863 1381 3902 ι.
1396 3845 1426 3903 5.
1447 3855 1476 3906 et
1488 3847 1620 3926 plerique
1644 3847 1726 3906 Cort.
1745 3849 1877 3908 errant.
1897 3848 1983 3910 Bern.
1998 3865 2022 3909 ι’.

616 3951 647 4010 ὅ.
660 3947 688 4018 4.
710 3946 899 4005 coniunctum
905 3946 978 4021 sore
993 3943 1074 4003 nobis
1099 3939 1169 4002 Tur.
1196 3954 1238 4004 ert
1257 3965 1321 4028 oms
1341 3950 1444 4008 incert.
1462 3949 1560 4010 Guelf.
1577 3951 1605 4008 6.
1621 3972 1667 4016 ιι.
1693 3963 1815 4011 arodus
1833 3963 1883 4012 est.
1903 3963 1944 4013 ert
1964 3975 2023 4014 οιιι.

618 4048 738 4109 Morseb.
759 4049 846 4111 Ririi.
865 4047 993 4106 ulterius
1009 4065 1062 4126 ego
1074 4043 1131 4126 ipse
1149 4045 1252 4112 fleam.
1282 4059 1339 4110 urst
1356 4071 1413 4130 quo
1429 4061 1490 4130 pot.
1507 4071 1554 4112 me
1572 4043 1683 4114 vertam
1700 4055 1798 4115 Guels.
1813 4057 1841 4115 5.
1863 4055 1976 4118 Fabric.
1997 4057 2026 4118 ι.

617 4173 661 4212 ιιι.
672 4161 793 4232 pr.·aut
813 4171 874 4210 om.
886 4149 984 4242 Guelf.
999 4149 1028 4210 6.
1049 4149 1156 4228 ἰιιίεὶιὶι
1173 4169 1226 4231 ego
1246 4139 1320 4234 Tagi
1338 4154 1516 4234 propiaquoe
1527 4167 1635 4219 ceteros
1650 4178 1737 4220 meos.
1758 4181 1835 4220 meos
1853 4181 1914 4220 om.
1933 4161 2025 4222 Vefie.

619 4264 781 4332 ceterosque
803 4275 880 4315 meos
903 4253 993 4314 Acad.
1014 4253 1111 4314 Guels.
1122 4275 1153 4338 9.
1174 4276 1220 4316 ιι.
1250 4265 1365 4319 ceteros
1380 4258 1474 4320 omnis
1495 4258 1565 4320 Tur.
1585 4272 1613 4321 et
1627 4273 1680 4322 cet.
1694 4284 1734 4322 m.
1755 4263 1858 4329 Frenc.
1879 4263 1976 4326 Guels.
1995 4265 2024 4325 6.

618 4369 727 4420 eeteros
742 4378 819 4420 meas
837 4379 899 4420 om.
910 4358 992 4421 tete.
1000 4382 1027 4423 r.
1044 4359 1204 4425 attactam
1222 4361 1325 4424 Strur.
1339 4366 1447 4429 :incert
1464 4385 1488 4424 ι.
1508 4363 1611 4430 Frane.
1628 4366 1729 4429 Guelf.
1743 4389 1787 4427 ro.
1804 4389 1849 4433 ιι.
1869 4367 1950 4430 tatu
1959 4369 2025 4431 dd.
