4570 5316
1630 415 1693 490 181

299 607 374 660 esse
392 598 431 661 et
452 585 536 662 aliis
553 589 713 694 negotiis
726 589 920 670 intentum
935 594 1100 699 accepit3
1123 594 1267 672 maiora
1281 611 1320 671 et
1340 594 1457 699 magis
1475 619 1604 698 aspera
1617 591 1697 668 vnd-

299 707 405 808 gredi
429 723 578 814 tempus
597 713 721 790 visum
743 732 807 792 est.
833 718 934 792 Erat
958 717 1059 793 inter
1078 717 1240 823 ingentis
1261 717 1484 794 solitudines
1505 717 1693 821 oppidum

299 837 484 935 magnum
500 848 618 937 atque
630 835 779 928 valens,
798 839 955 916 nomine
968 842 1105 944 Capsa:
1121 840 1229 916 cuius
1249 840 1425 916 conditor
1436 840 1616 916 Hercules
1637 839 1701 914 Li-

298 951 367 1056 bys
389 958 680 1035 memorabatur.
713 961 806 1036 Eius
823 961 920 1039 cives
944 963 1053 1066 apud
1068 961 1295 1069 Iugurtham
1320 962 1612 1052 immunes‚levi
1629 962 1700 1036 im·

298 1074 406 1178 perio
427 1093 467 1154 et
492 1079 543 1153 ob
567 1105 611 1156 ea
634 1079 854 1160 fidelissumi
879 1084 1143 1164 habebantur:
1181 1084 1325 1162 muniti
1354 1077 1556 1161 advorsum
1582 1083 1699 1158 bostis

274 1193 279 1200 ’
298 1224 380 1276 non
401 1202 595 1280 moenibus
613 1205 728 1283 modo
748 1223 787 1284 et
805 1207 920 1286 armis
938 1225 1055 1312 atque
1074 1208 1333 1299 viris‚.verum
1346 1209 1461 1283 etiam
1478 1207 1601 1283 multo
1620 1233 1701 1310 ma·

298 1321 353 1426 gis
369 1322 543 1402 locorum
565 1328 775 1430 asperitate
811 1331 928 1422 Nam,
950 1345 1089 1435 proeter
1105 1329 1247 1435 oppido
1268 1331 1510 1434 propinqua,
1532 1329 1606 1404 alia
1621 1354 1701 1403 om·

298 1443 363 1520 nia
381 1462 504 1537 vasta,
527 1449 694 1541 inculta,
712 1453 860 1556 egentia
874 1479 996 1557 aquae,
1015 1454 1150 1531 infesta
1170 1453 1432 1558 serpentibus:
1457 1478 1625 1554 quorum
1645 1450 1700 1526 vis

297 1567 410 1644 sicuti
424 1571 599 1646 omnium
611 1572 790 1666 serarum,
814 1576 945 1681 inopia
962 1577 1040 1654 cibi
1059 1578 1200 1671 acrior3
1221 1575 1271 1652 ad
1292 1575 1367 1652 boo
1388 1590 1526 1651 natura
1548 1598 1700 1680 serpen·

281 1690 397 1766 tium
418 1690 498 1796 ipsa
515 1697 725 1798 perniciosa
751 1698 814 1774 siti
832 1700 950 1803 magis
969 1727 1087 1802 quam
1108 1700 1184 1774 alia
1206 1724 1247 1773 re
1265 1695 1498 1772 accenditur.
1523 1695 1614 1770 Eius
1630 1720 1700 1798 po-

298 1812 427 1895 tiundi
450 1816 619 1893 Marium
642 1845 820 1894 maxuma
847 1820 989 1924 cupido
1017 1820 1234 1896 invaserat:
1262 1845 1384 1922 quum
1406 1833 1564 1921 propter
1587 1841 1700 1910 usum

297 1935 406 2026 belli,
431 1953 515 2016 turn
536 1942 627 2043 quia
647 1966 704 2016 res
724 1967 855 2045 aspera
877 1941 1102 2034 videbatur;
1128 1959 1167 2016 et
1190 1940 1367 2018 Metellus
1390 1939 1577 2043 oppidum
1597 1937 1700 2014 Tha·

293 2057 376 2134 lam
395 2087 533 2168 magna
550 2063 671 2169 gloria
692 2080 860 2170 ceperat,
890 2062 999 2140 baud
1018 2061 1251 2142 dissimiliter
1267 2062 1386 2139 situm
1406 2043 1699 2163 munitumque:

298 2181 371 2256 nisi
405 2185 510 2288 quod
536 2186 642 2289 apud
676 2185 840 2262 Thalam
877 2213 958 2262 non
983 2185 1095 2291 longe
1122 2213 1145 2262 a
1172 2185 1366 2263 moenibus
1399 2185 1549 2287 aliquot
1578 2183 1702 2294 sontes

299 2320 427 2399 erant3
454 2309 653 2411 Capsenses
670 2336 750 2386 una
774 2310 887 2386 modo
907 2325 1023 2411 atque
1042 2335 1087 2384 ea
1112 2308 1214 2386 intra
1251 2306 1439 2412 oppidum
1468 2306 1548 2410 iugi
1574 2329 1703 2409 aqua,

300 2443 421 2502 cetera
441 2429 571 2531 pluvia
589 2431 807 2506 utebantur.
847 2431 893 2503 Id
908 2431 1039 2531 ibique
1057 2446 1095 2504 et
1114 2430 1156 2505 in
1174 2431 1281 2506 omni
1295 2429 1442 2520 Africa,
1466 2453 1553 2530 quoe
1565 2425 1702 2531 procul

299 2551 437 2624 amari
476 2553 659 2627 incultius
686 2553 837 2656 agebat,
862 2580 906 2626 eo
933 2551 1083 2626 facilius
1116 2550 1370 2641 tolerabatur,
1403 2551 1496 2651 quia
1527 2549 1702 2626 Numidae

299 2672 527 2775 plerumque
543 2675 641 2748 lacte
657 2691 696 2748 et.
712 2675 832 2749 serina
851 2699 966 2750 carne
981 2672 1238 2762 vescebantur,
1257 2687 1296 2748 et
1309 2695 1434 2772 neque
1446 2670 1563 2744 salem
1577 2693 1703 2770 neque

299 2794 373 2868 alia
415 2783 652 2871 irritamenta
688 2797 787 2900 gula·
811 2796 1059 2900 quaerebant:
1094 2793 1200 2869 cibus
1227 2793 1302 2869 illis
1330 2792 1532 2868 advorsum
1561 2791 1702 2868 famem

294 2997 412 3076 gravius
431 2997 511 3060 Cort.
530 3001 707 3060 solicitasse!
727 3003 799 3063 Vin.
816 3023 841 3060 ι.
862 2999 958 3061 Guell.
974 3021 1000 3060 a.
1021 2997 1102 3060 Lcid.
1118 3021 1183 3082 cg.
1209 2997 1278 3059 Tur.
1303 3019 1346 3058 m.
1363 3015 1419 3057 sec.
1441 3014 1545 3077 pacem
1565 3001 1619 3058 aut
1639 2992 1700 3053 bet-

298 3103 358 3164 lum
380 3102 492 3164 Fabric.
513 3106 571 3165 inc.
587 3126 612 3164 a.
634 3105 768 3166 Guelbb.
782 3127 825 3166 ιι.
845 3106 915 3187 Tcg.
927 3105 996 3169 Tur.
1014 3125 1121 3185 parum
1134 3103 1319 3184 erplcrclum
1339 3099 1436 3160 Guell.
1451 3099 1480 3160 d.
1501 3099 1605 3160 l’rnnc.

322 3271 325 3278 ’
380 3253 453 3334 Cap.
468 3257 517 3336 89.
538 3256 584 3315 uti
597 3257 786 3317 constituerat
805 3258 873 3316 Tur.
895 3255 1017 3320 cerus.
1039 3254 1118 3320 leid.
1134 3277 1163 3316 c.
1182 3253 1308 3333 oppida,
1328 3251 1448 3312 casella
1467 3249 1582 3312 munile
1602 3247 1700 3308 Gnelt.

296 3359 327 3429 dl
338 3360 365 3424 6.
387 3372 519 3420 avortere
538 3361 600 3419 Bas.
615 3382 640 3421 ι.
661 3359 757 3419 Gnell.
773 3381 797 3417 ι.
813 3383 841 3442 9.
863 3361 922 3417 alic
939 3357 1064 3438 premia
1076 3367 1179 3416 ostent.
1198 3357 1267 3417 Tur.
1288 3358 1361 3418 Vin.
1375 3375 1402 3421 ι.
1424 3355 1611 3415 mediocriter
1628 3371 1701 3433 agc-

296 3465 344 3522 bat
365 3463 463 3523 Gucll.
477 3462 505 3524 3.
526 3466 673 3526 (estimans
689 3464 764 3542 lug.'
781 3464 877 3523 Guels.
892 3467 920 3522 3.
942 3463 984 3521 ad
998 3481 1065 3521 suos
1081 3469 1135 3520 tul.
1155 3465 1239 3525 Vrat.
1260 3481 1284 3520 ι.
1302 3459 1392 3520 Acnd.
1412 3461 1472 3519 inc.
1484 3445 1514 3518 a.
1536 3457 1634 3518 Guell.
1652 3477 1699 3517 ιο.

296 3567 412 3627 maiora
433 3576 461 3626 et
475 3589 576 3649 aspera
598 3567 695 3628 Guell'.
712 3589 756 3632 ιο.
777 3567 890 3627 beidi.
917 3564 1013 3625 virum
1023 3574 1074 3624 cst.
1094 3572 1135 3624 est
1164 3584 1225 3623 om.
1240 3563 1338 3624 Guell.
1352 3565 1382 3624 3.
1411 3559 1501 3622 Libris
1518 3569 1700 3630 memoratur

162 3751 169 3762 .
296 3671 392 3731 Guell.
410 3692 455 3730 ιο.
478 3673 576 3732 llenss.
598 3673 659 3733 Bas.
670 3673 697 3746 4,
717 3679 898 3730 memorator
914 3680 942 3728 ct
959 3668 1039 3728 Lrid.
1051 3689 1081 3750 g.
1107 3666 1188 3728 libris
1198 3687 1239 3731 m.
1254 3666 1317 3725 Bas.
1334 3686 1360 3727 ι.
1381 3665 1519 3746 oppidana
1531 3661 1700 3743 propinquo

296 3775 409 3836 l'abric.
438 3776 516 3837 nivii
548 3776 654 3856 oppilo
666 3776 832 3854 propinqua
847 3775 912 3832 loca
932 3771 1022 3831 dead.
1044 3770 1155 3832 Fabrie.
1170 3791 1200 3830 a·
1225 3769 1308 3852 berg·
1327 3769 1412 3833 Rem.
1433 3770 1492 3830 ino.
1513 3767 1579 3830 Eoo.
1600 3765 1697 3826 Guell.

296 3881 325 3943 6.
339 3901 368 3958 9.
389 3901 433 3942 ιο.
454 3899 498 3938 ιι.
516 3899 561 3939 12.
582 3881 646 3940 locu
665 3901 729 3960 opp.
743 3901 791 3957 pr.
809 3877 890 3940 Leid.
904 3897 929 3936 e.
943 3897 972 3958 g.
993 3877 1053 3966 alii.¹
1078 3873 1180 3935 omnic
1196 3874 1280 3945 loca,
1299 3875 1338 3932 ita
1351 3871 1421 3951 Τις.
1442 3870 1504 3949 ipsc
1521 3867 1698 3946 pernicioso.

296 3982 433 4062 ipscom.
462 3982 547 4042 Febr.
568 3986 669 4042 insert.
689 4005 712 4041 ι.
742 3995 867 4063 quatuor
889 3979 1002 4054 wanti,
1022 3976 1091 4060 Τις.
1117 3975 1302 4057 quorumvis
1320 3971 1524 4034 Leid.a.b.c.
1553 3969 1696 4040 Baebi.

296 4085 380 4146 bern.
401 4107 426 4145 1.
447 4105 511 4164 quo·
528 4087 632 4165 agebat
652 4088 691 4144 ita
706 4091 805 4168 vulgo.
826 4084 967 4164 agebatur
985 4081 1054 4142 Vin.
1064 4101 1093 4140 a.
1113 4081 1180 4144 Son.
1194 4099 1222 4138 a.
1244 4079 1343 4138 llcuu.
1364 4073 1636 4138 Ao.Frnnc.Guell.
1649 4092 1696 4136 ιι.

299 4209 347 4254 ιι.
367 4189 483 4250 brido.
505 4190 591 4250 Parios
607 4189 637 4252 d.
658 4189 718 4251 Bas.
731 4190 760 4262 4.
781 4190 865 4252 Bern.
881 4209 905 4252 ι.
918 4185 946 4252 3.
967 4193 994 4246 sl
1008 4184 1199 4263 mqussalsm
1218 4180 1288 4262 Τις.
1308 4180 1389 4241 Laid.
1400 4177 1460 4244 bl·
1481 4175 1542 4244 llas.
1557 4199 1581 4244 ι.
1594 4174 1700 4253 ssu-

297 4295 349 4358 ric.
370 4292 537 4356 Beru.1.3.
