4560 5338
584 503 658 596 234

587 803 829 902 Quinctium,
837 801 1000 880 vidistis:
1011 819 1166 906 quantae
1176 803 1343 906 denique
1355 829 1462 878 nunc
1474 801 1573 879 mihi
1587 803 1709 878 turboe
1725 797 1987 878 concitantur!

587 953 675 1031 quae
685 926 855 1031 profecto
869 927 1057 1002 incassum
1066 927 1290 1032 agebantur,
1299 927 1330 1002 si
1340 927 1448 1032 prius
1457 953 1576 1029 quam
1584 952 1648 1002 vos
1656 925 1850 1002 serviundi
1861 921 1988 1008 linem,

587 1051 646 1127 illi
658 1048 932 1127 dominationis
944 1049 1085 1126 facturi
1102 1067 1213 1125 erant
1226 1084 1234 1124 :
1247 1049 1455 1156 praesertim
1473 1077 1597 1155 quum
1611 1049 1672 1125 bis
1684 1050 1860 1126 civilibus
1875 1045 1989 1122 annis

586 1173 689 1251 dicta
707 1175 801 1265 alia,
818 1175 883 1250 sed
896 1191 1084 1250 certatum
1098 1174 1294 1277 utrimque
1309 1173 1358 1249 de
1370 1172 1633 1251 dominatione
1650 1175 1691 1249 in
1710 1173 1816 1271 vobis
1830 1173 1887 1247 sit
1911 1175 1988 1244 Ita-

586 1325 665 1401 que
681 1315 802 1374 cetera
818 1325 863 1374 ex
876 1299 1049 1388 licentia,
1065 1314 1133 1373 aut
1147 1298 1254 1391 odio,
1274 1315 1342 1374 aut
1355 1299 1512 1374 avaritia
1522 1299 1565 1375 in
1579 1315 1727 1402 tempus
1739 1323 1869 1374 arsere.
1900 1297 1988 1370 Pcr-

586 1422 728 1496 mansit
743 1449 822 1496 una
839 1447 896 1496 res
912 1422 1038 1513 mod0‚
1053 1447 1139 1523 quae
1155 1422 1352 1525 utrimque
1369 1423 1525 1526 quaesita
1547 1437 1652 1498 estet
1673 1436 1801 1524 erepta
1811 1420 1852 1494 in
1866 1434 1987 1522 poste·

583 1569 681 1634 rum,
695 1546 750 1619 vis
768 1545 974 1620 tribunicia
987 1603 997 1636 ,
1012 1547 1132 1620 telum
1149 1571 1170 1619 a
1188 1545 1396 1620 maioribus
1407 1544 1575 1618 libertati
1589 1559 1780 1647 paratum3
1801 1543 1906 1646 quod
1918 1569 1986 1646 ego

582 1693 646 1744 ros
665 1693 803 1742 moneo
828 1693 1031 1768 quaesoque
1051 1684 1097 1741 ut
1121 1666 1453 1749 animadvortatis:
1487 1691 1565 1740 neu
1593 1667 1750 1741 nomina
1779 1694 1908 1742 rerum
1937 1665 1988 1738 ad

583 1789 774 1895 ignaviam
787 1805 988 1878 mutantes,
998 1790 1119 1865 otium
1133 1817 1205 1893 pro
1218 1791 1369 1865 servitio
1383 1789 1588 1893 adpelletis.
1611 1790 1701 1887 Quo
1712 1791 1788 1864 iam
1803 1789 1883 1893 ipso
1897 1788 1985 1878 frui,

582 1914 610 1988 si
628 1941 716 1988 vera
734 1930 773 1987 et
788 1911 947 1987 honesta
963 1913 1154 2018 flagitium
1164 1913 1415 2016 superaverit,
1429 1939 1509 1992 non
1527 1929 1582 1988 est
1597 1913 1786 1988 conditio:
1809 1913 1938 1988 fuisset
1953 1912 1985 1986 si

583 2036 742 2110 omnino
757 2033 957 2138 quiescetis.
982 2038 1096 2112 Nunc
1110 2038 1286 2112 animum
1298 2037 1503 2113 advortite:
1517 2052 1555 2112 et
1567 2037 1641 2112 nisi
1657 2037 1834 2128 viceritis,
1848 2036 1985 2139 quoni-
2051 2101 2056 2108 .

581 2185 645 2234 am
659 2159 783 2234 omnis
798 2159 941 2234 iniuria
957 2161 1139 2264 gravitate
1157 2163 1277 2236 tutior
1297 2178 1370 2252 est,
1390 2162 1510 2236 artius
1526 2160 1735 2236 habebunt
1769 2162 1877 2258 Quid
1898 2187 1985 2236 cen-

579 2306 634 2356 ses
659 2281 800 2386 igiturl
822 2282 961 2384 aliquis
981 2301 1147 2358 restrum
1165 2283 1375 2359 subiecerit
1414 2284 1587 2358 Primum
1613 2284 1787 2358 omnium
1806 2286 1984 2361 omitten-

580 2404 675 2478 dum
693 2431 839 2480 morem
866 2404 992 2495 hunc,
1017 2433 1132 2508 quem
1153 2406 1284 2511 agitis,
1309 2407 1479 2511 impigrae
1504 2405 1660 2511 linguae,
1687 2408 1807 2482 animi
1836 2411 1982 2512 ignavi,

579 2553 660 2602 non
680 2527 783 2603 ultra
805 2529 999 2604 concionis
1017 2531 1146 2604 locum
1166 2557 1348 2606 memores
1368 2531 1561 2606 libertatis.
1586 2533 1687 2607 Dein
1705 2531 1846 2628 (nevos
1867 2533 1916 2608 ad
1928 2535 1982 2608 vi·
2058 2615 2074 2622 ¹,

579 2651 665 2725 rilia
690 2651 757 2726 illa
777 2672 926 2743 vocem,
951 2678 1029 2756 quo
1056 2652 1232 2729 tribunos
1253 2655 1392 2758 plebei,
1417 2655 1533 2732 modo
1558 2655 1764 2759 patricium
1786 2657 1980 2762 magistra-

578 2791 678 2864 tum,
705 2774 826 2850 libera
847 2775 897 2850 ab
919 2776 1140 2851 auctoribus
1161 2777 1331 2878 patriciis
1353 2778 1531 2882 suffragia
1551 2780 1712 2854 maiores
1735 2781 1847 2856 vestri
1869 2808 1980 2886 para·

576 2899 702 2994 rerc);
724 2923 848 2998 quum
863 2896 919 2971 vis
944 2897 1085 2986 omnis,
1111 2897 1296 2993 Quirites,
1323 2899 1364 2972 in
1383 2901 1490 2974 vobis
1508 2901 1573 2992 sit,
1596 2918 1636 2976 et
1656 2927 1742 3004 quae
1761 2905 1859 2980 iussa
1874 2933 1982 2980 nunc

576 3044 647 3121 pro
671 3017 755 3092 aliis
779 3017 970 3108 toleratis,
995 3044 1067 3120 pro
1096 3019 1202 3093 vobis
1224 3045 1333 3124 agene
1361 3039 1430 3096 aut
1457 3049 1537 3098 non
1558 3049 1667 3129 agere
1688 3043 1789 3103 certe
1814 3030 1979 3132 possitis,

575 3145 701 3217 Iovem
722 3157 791 3216 aut
810 3140 932 3216 alium
945 3167 1061 3244 quem
1078 3141 1194 3218 deum
1215 3144 1471 3221 consultorem
1491 3152 1733 3253 exspectatisl
1758 3179 1895 3258 magna
1913 3154 1979 3228 illa

575 3265 779 3340 consulum
798 3265 958 3370 imperia
982 3283 1020 3346 et
1039 3283 1194 3371 patrum
1217 3268 1392 3366 decreta,
1420 3296 1483 3347 ros
1500 3272 1738 3376 exsequendo
1759 3277 1980 3352 rata-effici-

576 3389 642 3475 tis,
674 3388 861 3482 Quirites,
885 3390 1065 3492 ultroque
1090 3392 1287 3470 licentiam
1315 3393 1357 3471 in
1388 3418 1452 3472 vos
1478 3411 1637 3470 auctum
1664 3411 1780 3499 atquc
1802 3398 1988 3476 adiutum·

574 3509 797 3612 properatis.
830 3509 962 3612 Neque
988 3539 1067 3616 ego·
1085 3539 1149 3588 vos
1178 3516 1307 3592 ultum
1336 3519 1496 3594 iniurias
1523 3515 1676 3613 hortor-3
1700 3521 1818 3626 magis
1840 3523 1900 3597 uti
1923 3550 1979 3598 re-

575 3633 705 3734 quiem
726 3631 912 3734 cupiatis:
938 3661 1062 3738 neque
1080 3637 1302 3729 discordias,
1327 3659 1373 3715 nt
1388 3641 1446 3715 illi
1463 3642 1737 3735 criminantur,
1760 3645 1824 3721 sed
1844 3673 1977 3724 earum

572 3859 622 3918 tic.
640 3865 669 3916 et
686 3863 794 3916 veteres
810 3851 879 3912 libri
896 3853 1089 3918 aCiacconio
1110 3857 1230 3918 laudati.
1251 3869 1411 3940 agerentia·
1429 3865 1529 3945 vulgo.
1563 3863 1654 3926 Nunc
1674 3865 1809 3926 animum
1827 3869 1979 3929 advertere

574 3962 660 4024 Fabi.
679 3959 755 4018 Bric.
777 3977 836 4017 om.
857 3989 877 4004 ·
895 3959 983 4038 agitis
1002 3959 1037 4020 C.
1060 3967 1168 4024 Fronto
1192 3983 1214 4022 s.
1234 3987 1262 4029 v.
1285 3985 1382 4045 ogere.
1403 3987 1493 4046 qrmm
1513 3969 1644 4032 tribunos
1660 3971 1750 4052 plebis
1769 3973 1838 4034 libri
1857 3973 1977 4035 eCiac.

574 4066 661 4125 conio
681 4063 802 4122 laudati.
822 4081 894 4140 quos
913 4063 1011 4124 Ursini
1032 4064 1116 4126 liber.
1137 4068 1365 4148 magistratuum
1384 4073 1482 4132 Vaoc.
1503 4073 1587 4140 Febr.
1607 4075 1683 4136 Bric.
1705 4075 1779 4136 mibi
1799 4077 1919 4158 quidem
1934 4081 1977 4142 lc.

572 4167 701 4250 gendum
716 4187 773 4228 esso
786 4167 938 4229 videbatur
954 4189 1126 4230 momonom
1138 4181 1256 4252 portem
1270 4174 1495 4254 magistratum
1503 4219 1514 4254 ‚
1534 4179 1584 4240 sed
1602 4185 1768 4244 auctoritati
1778 4181 1875 4251 Codd.
1896 4187 1978 4248 ccstit

571 4271 704 4331 audacia.
726 4272 855 4348 quamvis
867 4274 963 4334 omnir
981 4274 1109 4354 Quirites
1126 4279 1166 4336 ita
1181 4287 1288 4338 veteres
1302 4279 1401 4340 librio
1420 4281 1580 4343 Ciacconio
1596 4286 1717 4348 laudati.
1738 4309 1827 4367 qutun
1845 4290 1890 4352 vis
1908 4311 1976 4350 om-

570 4379 616 4436 nis
635 4376 753 4436 latinus
772 4376 904 4438 Latinius
916 4379 1103 4444 viterbiensis
1117 4383 1259 4460 coniecit,
1280 4386 1437 4450 confirmat
1449 4389 1614 4454 Vaticanus.
1634 4390 1681 4452 uti
1698 4413 1761 4472 quar
1780 4394 1857 4456 iusso
1877 4399 1976 4479 vulgo.
