4582 5320
584 396 635 488 tt

586 573 803 650 societatem
823 568 943 645 belli:
968 565 1200 644 existumans.
1218 565 1374 671 publice
1395 563 1654 669 privatimque
1674 587 1747 638 aare
1773 560 1900 639 ¹alieno
1922 568 1990 668 op-

587 722 747 802 pressos,
770 711 968 798 praeterea,
994 689 1100 794 quod
1115 705 1253 764 natura
1272 713 1362 794 gens
1376 687 1526 764 Gallica
1544 687 1724 764 bellicosa
1743 703 1854 778 essct,
1878 685 1989 762 facile

457 821 459 826 ’
588 846 650 896 eos
668 818 718 894 ad
738 819 817 898 talc
835 814 1039 892 consilium
1061 812 1202 888 adduci
1231 838 1345 918 posse.
1398 813 1630 902 Umbrenus,
1655 810 1761 913 quod
1792 811 1834 885 in
1862 805 1990 886 Gallia
2059 855 2066 888 η

590 943 801 1048 negotiatus
832 956 931 1030 erat,
964 938 1155 1042 plerisque
1183 935 1424 1040 principibus
1449 935 1664 1012 civitatium
1688 949 1802 1010 notus
1826 950 1992 1008 eratat»

590 1093 665 1168 que
686 1091 747 1140 eos
769 1079 947 1141 noverat:
972 1062 1102 1164 itaque
1127 1061 1208 1136 sine
1234 1087 1359 1150 mora,
1383 1060 1452 1134 ubi
1478 1059 1647 1162 primum
1677 1055 1816 1162 legatos
1847 1057 1890 1130 in
1909 1055 1993 1131 foro

590 1189 792 1294 conspexit,
804 1201 1078 1290 percunctatus
1090 1211 1214 1289 pauca
1228 1185 1275 1258 de
1290 1199 1391 1258 statu
1403 1183 1579 1272 civitatis,
1592 1197 1630 1257 et
1647 1181 1755 1285 quasi
1769 1177 1900 1255 dolens
1913 1179 1992 1254 eius

592 1339 720 1388 casum
731 1312 926 1420 requirere
943 1309 1079 1413 coepit,
1095 1335 1210 1411 quem
1227 1307 1373 1382 exitum
1395 1308 1510 1382 tantis
1523 1305 1632 1380 malis
1645 1309 1862 1409 sperarent?
1890 1309 1993 1379 Post-

593 1463 711 1539 quam
732 1434 816 1509 illos
840 1433 943 1508 videt
961 1428 1076 1534 queri
1096 1431 1144 1506 de
1169 1432 1327 1507 avaritia
1349 1431 1657 1536 magistratuum,
1683 1455 1859 1503 accusem
1879 1429 1993 1503 Sena-

595 1576 699 1648 tum,
722 1556 827 1664 quod
850 1556 892 1632 in
913 1581 957 1631 eo
975 1555 1109 1630 auxilii
1135 1554 1236 1629 nihil
1254 1571 1364 1646 esset3
1388 1554 1545 1630 miseriis
1564 1553 1640 1627 suis
1661 1551 1873 1626 remedium
1892 1579 1994 1626 mor-

596 1699 672 1757 tem
692 1695 925 1782 exspectare:
952 1683 1032 1767 „At
1049 1704 1135 1781 ego,
1162 1678 1304 1779 inquit,
1324 1677 1457 1767 vobis,
1479 1677 1510 1751 si
1536 1677 1649 1752 modo
1667 1675 1740 1750 viri
1763 1701 1837 1750 esse
1860 1676 1994 1754 voltis,

596 1805 784 1879 rationem
802 1803 1017 1889 ostendam,
1043 1826 1119 1901 qua
1144 1816 1249 1874 tanta
1277 1801 1345 1874 ista
1368 1801 1467 1875 mala
1488 1799 1706 1902 effiagiatisst’
1740 1799 1832 1872 Haeo
1853 1800 1995 1875 ubidi-

598 1931 673 2016 xit,
691 1926 909 2030 Allobroges
932 1926 972 1998 in
993 1950 1213 1997 maxumam
1230 1951 1335 2027 spem
1354 1924 1529 2016 adducti,
1554 1925 1794 1998 Umbrenum
1808 1951 1932 2015 orare,
1958 1942 2002 1999 ut

600 2053 659 2129 sui
675 2051 933 2132 misereretur:
951 2046 1051 2122 nihil
1076 2064 1153 2122 tarn
1172 2073 1347 2152 asperum
1364 2075 1490 2151 neque
1511 2065 1588 2123 tam
1611 2047 1764 2122 difficile
1781 2051 1876 2138 esse,
1892 2048 1997 2150 quod

602 2202 683 2250 non
704 2173 960 2276 cupidissume
983 2171 1124 2247 facturi
1145 2190 1285 2262 essent,
1310 2173 1404 2248 dum
1421 2200 1463 2248 ea
1487 2197 1544 2248 res
1570 2171 1857 2246 civitatem'aere
1876 2171 2001 2246 alieno

604 2299 789 2373 liberaret
830 2296 900 2370 Ille
919 2322 979 2371 eos
1001 2297 1042 2370 in
1068 2295 1228 2372 domum
1252 2299 1298 2372 1).
1324 2297 1430 2370 Bruti
1447 2295 1635 2400 ‘perducit
1647 2329 1658 2388 ;
1682 2295 1787 2397 quod
1808 2295 1891 2370 foro
1914 2323 2001 2399 pro-

605 2423 752 2528 pinqua
787 2437 868 2496 erat
900 2447 1024 2522 neque
1056 2420 1180 2495 aliena
1216 2418 1386 2511 consilii,
1415 2435 1574 2524 propter
1600 2419 1884 2522 Semproniam
1909 2447 2000 2494 nam

607 2564 690 2620 tum
709 2549 847 2622 Brutus
871 2545 920 2619 ab
940 2547 1058 2618 Roma
1087 2545 1226 2620 aberat
1268 2549 1449 2619 Praeterea
1474 2543 1688 2618 Gabinium
1720 2544 1894 2634 accersit,
1927 2545 2004 2650 quo

606 2670 728 2744 maior
748 2669 952 2744 auctoritas
975 2667 1141 2744 sermoni
1160 2668 1319 2743 inesset:
1343 2695 1388 2742 eo
1399 2683 1582 2770 praesente
1597 2666 1903 2743 coniurationem
1919 2695 2005 2773 ape-

608 2877 697 2936 tictus
718 2885 804 2935 crat:
826 2883 889 2934 erut
908 2874 1007 2932 omisit
1026 2875 1085 2931 inc.
1105 2892 1129 2928 ι.
1152 2871 1234 2931 Edit.
1247 2873 1333 2932 Paris.
1355 2879 1433 2935 smel.
1454 2869 1538 2930 Bern.
1560 2891 1586 2935 ι.
1607 2870 1781 2933 civitatium.
1800 2871 1862 2932 Bas.
1876 2895 1902 2932 ι.
1922 2867 2007 2934 Faltr.

613 3007 637 3042 1.
657 2983 777 3070 Naum.
789 3000 835 3058 pr.
856 2977 937 3036 Cort.
958 2978 1066 3036 omisit.
1084 2984 1298 3054 percunctatus.
1320 2986 1438 3054 mscrpt.
1456 2978 1577 3034 variant.
1597 2977 1648 3036 alii
1662 2987 1850 3058 percontatus
1870 2980 1920 3038 alii
1938 2999 2008 3058 per-

609 3096 845 3150 concinnasse.
866 3084 950 3142 Bcru.
965 3101 989 3139 ι.
1008 3091 1102 3160 portq.
1118 3079 1197 3138 vater
1213 3079 1286 3138 illos.
1307 3079 1391 3138 Rem.
1412 3091 1507 3160 uterq.
1529 3080 1591 3140 Bas.
1611 3103 1635 3140 ι.
1653 3087 1680 3146 3.
1702 3081 1752 3143 Ao.
1773 3082 1859 3143 vidir.
1880 3083 1965 3143 Fabr.
1983 3106 2008 3143 ι.

610 3195 707 3254 Guell.
717 3214 746 3273 9.
774 3191 873 3251 Vinar.
892 3210 919 3246 ι.
938 3208 979 3245 ιιι.
991 3206 1036 3266 pr.
1066 3183 1232 3244 condolens.
1255 3182 1337 3242 Leid.
1350 3205 1376 3242 e.
1391 3183 1422 3242 d.
1434 3187 1455 3243 l.
1476 3185 1576 3246 Vinar.
1591 3206 1620 3245 ι.
1640 3186 1725 3247 Bam.
1738 3189 1767 3248 3.
1797 3188 1875 3248 nitu't
1894 3189 2009 3249 auriti.

610 3297 672 3356 Bas.
685 3299 713 3366 l.
733 3295 801 3375 Teg.
821 3293 931 3378 Terqa.
963 3291 1050 3350 Bern.
1062 3309 1089 3348 a.
1103 3291 1129 3349 3.
1157 3297 1282 3348 mortem
1296 3288 1466 3348 mmmmm.
1488 3290 1574 3355 Febr.
1588 3302 1682 3372 uterq.
1702 3292 1771 3352 Vin.
1786 3314 1810 3353 ι.
1831 3291 1883 3353 Ac.
1904 3293 1965 3354 Bas.
1980 3300 2008 3356 3.

611 3401 680 3480 Τις.
701 3407 934 3478 proserpentem
948 3415 1063 3474 sperare
1078 3399 1188 3474 legunt.
1209 3393 1295 3454 Rem.
1306 3415 1333 3458 a.
1356 3395 1424 3454 vin.
1440 3417 1464 3455 ι.
1486 3396 1583 3456 Guell.
1597 3417 1622 3461 ι.
1644 3419 1684 3455 ιιι.
1697 3418 1743 3477 pr.
1763 3397 1908 3462 Commcl.
1931 3402 2009 3479 plur.

614 3506 701 3562 Palat.
731 3521 807 3560 unus
821 3501 908 3563 Rivii.
928 3498 1008 3559 vobis
1022 3497 1221 3561 omiacuett.
1235 3521 1263 3578 7.
1275 3521 1304 3580 9.
1334 3509 1420 3559 tortia
1435 3500 1490 3559 isto
1504 3501 1594 3561 molo.
1624 3501 1769 3562 Commcl.
1792 3507 1880 3563 Palat.
1901 3503 1965 3564 Bas.
1983 3527 2008 3564 ι.

617 3615 643 3673 3.
664 3619 757 3686 uterq.
779 3607 837 3662 inc.
858 3604 926 3662 vin.
947 3601 971 3660 F
971 3601 1033 3661 abr.
1053 3605 1150 3680 plures
1162 3602 1258 3665 Guels.
1278 3605 1346 3662 Sen.
1363 3625 1388 3661 ι.
1408 3603 1490 3662 Laid.
1508 3627 1552 3669 ιιι,
1564 3626 1595 3662 ιι.
1604 3633 1616 3642 ¹-
1625 3615 1709 3664 touta
1726 3607 1806 3665 mala
1820 3607 1886 3667 rito.
1912 3610 2009 3668 ceteri.
2085 3649 2088 3656 ·

614 3723 723 3784 structa
740 3710 829 3769 malo.
850 3705 930 3766 Leid.
943 3709 963 3764 Ι.
985 3705 1100 3784 dffltcils
1112 3725 1182 3765 essa.-
1197 3707 1468 3772 esseomisitGucll.
1485 3729 1530 3768 ιι.
1551 3712 1631 3788 quod
1648 3731 1709 3770 non
1725 3731 1827 3770 omncs
1838 3713 1895 3772 fere
1914 3711 2012 3772 Codd.

616 3819 687 3899 quin
705 3838 738 3877 cx
751 3816 862 3874 Veneto
885 3811 994 3870 Rivius.
1016 3811 1095 3870 Edit.
1108 3809 1192 3870 Paris.
1214 3811 1295 3871 Cort.
1316 3811 1437 3878 Havete.
1458 3813 1556 3874 muti.
1586 3814 1647 3873 Bas.
1664 3837 1689 3873 1.
1707 3835 1733 3873 2.
1747 3816 1775 3885 4.
1795 3815 1864 3880 Τιιι.
1881 3837 1906 3874 ι.
1927 3817 2012 3891 Rern.

622 3947 645 3983 ι.
666 3920 816 4004 perduxit.
837 3917 933 3976 Gucls.
946 3939 977 3996 7.
995 3916 1090 3974 Strut-
1111 3913 1194 3974 llam.
1209 3936 1233 3978 ι.
1254 3915 1337 3974 Lei'd.
1351 3937 1381 3997 g.
1401 3916 1502 3991 Basa.
1520 3918 1686 3998 propinquo
1700 3929 1764 3978 crat
1784 3939 1886 3979 omnes
1905 3921 2014 3982 irreli-

616 4031 672 4087 bri.
701 4025 857 4086 obliomo.
882 4021 943 4084 Bas,
965 4040 990 4077 1.
1020 4018 1101 4076 Leid.
1115 4039 1140 4076 a.
1154 4017 1183 4081 b.
1196 4040 1220 4078 e.
1232 4040 1260 4100 g.
1275 4017 1306 4077 h.
1334 4021 1490 4080 coufirmat
1515 4023 1709 4088 Prise.15.2.
1737 4025 1851 4104 pois.
1885 4020 2012 4088 arcessit.
2118 4033 2122 4040 '

534 4183 539 4188 .
617 4134 683 4188 Sen.
704 4153 728 4188 ι.
749 4130 844 4188 Struv.
873 4125 969 4183 Gucll.
986 4145 1010 4187 1.
1024 4128 1050 4184 3.
1066 4123 1095 4183 5.
1122 4122 1256 4186 arcersit.
1268 4125 1362 4183 ceteri.
1384 4126 1510 4204 amplior
1525 4125 1635 4186 inesset
1662 4138 1755 4208 uterq.
1777 4128 1892 4190 Febris.
1911 4131 2013 4192 Vinor.

618 4233 716 4294 Guell.
731 4253 758 4292 2.
769 4235 798 4304 4.
817 4233 884 4292 San.
901 4251 926 4294 1.
945 4228 1015 4310 leg.
1036 4226 1105 4288 Tur.
1123 4249 1148 4292 1.
1168 4227 1252 4293 Born.
1265 4232 1293 4290 ὅ.
1313 4228 1429 4290 deinde.
1442 4229 1504 4290 Bac.
1522 4253 1548 4296 ι.
1563 4252 1590 4291 a.
1603 4231 1631 4292 3.
1644 4231 1672 4303 Δ.
1692 4231 1840 4314 Teg,Tur.
1852 4257 1876 4300 ι.
1887 4257 1918 4302 a.
1929 4235 2016 4297 Rern.
