4560 5338
1609 431 1675 492 ¹aaut

266 587 371 692 quod
398 586 598 692 saepissime
618 583 792 662 Editores
817 584 1041 690 Bipontinos
1069 602 1220 664 secutus
1244 601 1319 677 est,
1335 611 1440 691 quos
1468 585 1677 662 Salustium

266 729 305 788 et
327 713 504 788 Tacitum
525 735 702 786 maxume
724 709 934 814 corrupisse
951 711 1040 786 satis
1063 727 1219 787 constat.
1245 711 1285 810 ‘'r')

363 838 583 911 Barilaenns
597 838 629 910 I.
655 835 718 933 (E.
734 837 799 908 III.
819 836 868 935 7.)
885 834 1008 911 forma
1019 837 1203 941 oblonga,
1219 835 1356 911 litteris
1366 833 1679 940 Langobardicia,

264 985 359 1060 quas
376 960 530 1051 dicunt,
546 975 739 1050 exarams,
759 958 913 1060 optimae
930 975 1032 1034 notas
1044 977 1082 1042 et
1102 961 1386 1063 antiquissimus
1403 959 1548 1048 Codex,
1562 975 1678 1061 quem

267 1083 529 1188 ‚Gundlingius
547 1083 840 1185 Carolingorum
860 1107 953 1174 aevo,
978 1084 1109 1160 Iselius
1129 1111 1233 1160 nono
1254 1084 1312 1158 vel
1329 1099 1429 1158 certe
1443 1084 1591 1160 decimo
1612 1107 1679 1160 sae-

266 1207 354 1298 culo
374 1210 562 1312 scriptum
580 1233 655 1284 esse
679 1205 873 1292 iudicavit,
911 1205 1122 1311 Inscriptus'
1142 1221 1197 1282 e'st
1223 1209 1284 1282 Cr.
1299 1208 1480 1284 Salustius
1503 1211 1551 1282 de
1574 1207 1680 1284 bellis

268 1329 423 1409 Catilina
440 1351 475 1408 et
494 1333 673 1432 lagartlse
694 1329 741 1402 G.
773 1331 1014 1406 LXXXXVI.
1040 1331 1190 1407 addidit
1217 1331 1258 1406 in
1287 1331 1410 1434 prima
1436 1333 1576 1434 pagine
1600 1356 1682 1406 ma-

265 1478 338 1527 nus
363 1453 571 1528 recentior:
597 1451 706 1527 Liber
727 1453 1016 1554 Cartdngasinus
1035 1461 1074 1528 in
1094 1456 1255 1544 Basilia,
1273 1461 1484 1553 perveniens
1504 1467 1539 1528 'a
1558 1457 1596 1530 d
1615 1457 1682 1530 Io·

265 1581 390 1654 lsassn'e
406 1578 455 1652 de
480 1577 642 1675 Lepide,
664 1576 853 1676 eorfiatre
880 1595 1025 1660 nasae,
1053 1584 1240 1651 continens
1263 1577 1460 1652 Salustium
1491 1578 1539 1652 de
1577 1578 1681 1652 bellis

269 1701 430 1788 Catilina
439 1718 473 1776 et
489 1701 675 1799 lagarthe.
700 1701 749 1774 In
767 1698 885 1774 altera
904 1699 1043 1802 pagina
1063 1697 1148 1774 solii
1164 1699 1281 1801 primi
1296 1709 1419 1803 pau'ca
1436 1699 1484 1774 de
1502 1726 1682 1803 compen-

268 1821 341 1900 diis
357 1822 572 1925 scripturae‚
588 1847 634 1898 ex
648 1819 792 1898 Isidoro
807 1822 1005 1925 exscripta,
1026 1821 1222 1928 legumen·
1243 1825 1380 1899 Insunt
1402 1823 1525 1899 multa
1538 1824 1683 1900 ueteris

269 1943 554 2050 orthographiae
571 1944 743 2049 vestigia,
765 1944 830 2022 sed
858 1945 1036 2049 saepiusa
1066 1949 1287 2023 correctoris
1301 1947 1462 2049 antiqui
1478 1973 1598 2022 manu
1622 1961 1681 2022 r'e·

267 2069 425 2146 stituta:
450 2098 483 2144 v.
510 2089 540 2144 e.
563 2070 756 2171 intellego,
781 2071 959 2170 neglego,
986 2071 1236 2170 neglegentia,
1262 2077 1420 2172 agenta,
1446 2076 1687 2164 occursantis,

268 2200 370 2270 nava
394 2191 493 2290 (acc.
510 2192 627 2295 plur.)
653 2194 730 2278 dis,
756 2198 853 2297 qais,
886 2192 1075 2295 (spsibus)
1106 2193 1237 2282 isdem,
1273 2196 1427 2296 volgus,
1456 2197 1556 2279 volt,
1575 2221 1683 2272 aros·-

269 2335 358 2409 tere‚
381 2319 536 2400 divorsi,
561 2317 799 2401 iocundiora,
825 2317 1120 2407 condiacone,
1147 2320 1279 2404 naabi,
1303 2337 1456 2403 estam,
1479 2325 1683 2403 autumo,

203 2515 207 2522 .
270 2443 474 2521 lacrurncu.
500 2441 645 2526 lubido,
666 2467 876 2540 proxuma,
896 2441 1096 2541 faciundi,
1128 2441 1283 2528 baccus,
1309 2443 1542 2526 adulescens,
1578 2461 1683 2541 optu-

269 2593 369 2650 mas,
384 2590 594 2647 mamas,
610 2565 805 2662 finituma,
825 2581 1013 2663 tanptare,
1031 2588 1240 2652 accersere,
1253 2565 1379 2664 plebes
1389 2573 1434 2639 ¹ct
1443 2567 1565 2663 pleps,
1580 2569 1683 2669 quic-

269 2690 380 2793 qau'd,
399 2687 559 2788 prcess'di
583 2687 688 2791 (gen.
708 2685 818 2792 sing.)
843 2685 978 2761 Rarius
1001 2709 1107 2761 voces
1127 2686 1181 2760 ita
1201 2687 1371 2790 scriptae,
1387 2703 1433 2761 ut
1453 2686 1683 2789 etymologia

271 2813 536 2918 exprimatur:
571 2811 750 2902 ubendo,
787 2809 957 2894 adsedit,
990 2808 1186 2892 inbecilla,
1222 2810 1425 2912 adrogare,
1466 2809 1626 2885 inlectus.
1660 2810 1687 2882 Ιι

276 2937 403 3012 littera
434 2933 548 3012 modo
579 2935 751 3025 sublata,
769 2935 883 3010 modo
904 2931 1058 3030 addita3
1092 2936 1338 3021 cohercinan,
1370 2937 1534 3018 harena,
1571 2936 1686 3009 bone·

271 3069 323 3147 ri,
351 3040 531 3145 diatones,
556 3077 698 3136 ortatur
704 3091 718 3150 ‚·
745 3057 926 3162 leguntur
946 3067 1101 3162 quoque
1125 3059 1321 3158 dranpno,
1337 3078 1568 3158 contempno,
1596 3067 1685 3132 con-

273 3187 508 3284 dempnatus,-
533 3198 612 3257 eet
639 3209 684 3257 ae
704 3181 905 3285 saepissime
922 3198 1090 3275 mutata;
1114 3209 1169 3264 m,
1204 3208 1267 3260 us.
1291 3209 1336 3256 ur
1366 3182 1408 3256 in
1438 3180 1515 3255 fine
1546 3205 1684 3254 vocum

273 3335 343 3415 per
369 3306 596 3411 compendia
616 3306 775 3409 scripta3
797 3305 847 3380 ab
864 3305 977 3380 initio
998 3303 1081 3379 brec
1099 3330 1256 3406 quoque
1275 3319 1500 3378 occurrunt:
1522 3307 1588 3380 noi
1599 3302 1686 3400 (no-

275 3435 360 3532 stri)
374 3434 442 3534 gia
456 3431 624 3535 (gloria)
651 3445 690 3506 et
710 3427 750 3502 id
773 3453 891 3532 genus
910 3427 995 3502 alia.
1029 3426 1170 3500 Glossae
1183 3426 1443 3502 interlineares
1464 3443 1503 3503 et
1519 3426 1569 3502 ad
1585 3451 1688 3502 mar·

274 3559 403 3663 ginem
415 3554 615 3658 adscriptae
635 3553 827 3626 rhetorem
850 3549 1019 3653 aliquem
1039 3549 1228 3625 inferioris
1246 3549 1316 3625 aevi
1336 3551 1501 3654 sapiunt
1527 3551 1687 3654 Aliquo·

275 3683 342 3758 ties
359 3679 475 3755 etiam
495 3676 622 3782 glossae
641 3673 758 3779 ipsius
782 3674 948 3750 auctoris
967 3671 1091 3751 verbis
1105 3672 1357 3778 interpositae,
1379 3701 1504 3778 neque
1522 3676 1688 3778 optimos

274 3804 426 3882 Salsutii
437 3800 593 3878 Codices
609 3798 736 3902 glossis
753 3824 890 3876 vacuos
909 3821 985 3874 esse
1010 3796 1236 3900 putaverim
1270 3797 1350 3874 Sub
1374 3796 1490 3874 linem
1507 3797 1601 3874 belli
1623 3799 1688 3872 Iu·

334 4010 362 4088 ⁴)
385 4007 508 4068 Codices
520 4000 707 4066 Bibliotheca
726 4001 823 4086 liegiss
842 3999 991 4074 Parisinus,
1026 4021 1100 4082 qnos
1119 4001 1276 4066 Burnullus
1296 4003 1463 4077 eomuluit,
1483 4003 1522 4063 ita
1542 3997 1689 4062 describit.

273 4158 296 4191 ‚,
307 4115 354 4194 a.)
376 4134 407 4173 n.
425 4113 514 4194 5758.
553 4109 605 4188 b.)
637 4109 727 4191 5742.
747 4107 786 4169 X.
807 4107 912 4166 saeculo
932 4107 1037 4165 exarati
1058 4127 1117 4166 esse
1135 4107 1282 4168 videntur.
1323 4106 1369 4185 0.)
1386 4107 1477 4167 6085.
1518 4105 1572 4185 d.)
1595 4107 1688 4170 6086.

274 4221 369 4281 decuti
384 4219 437 4278 xl.
458 4215 536 4278 libri.
557 4215 601 4293 e.)
622 4213 713 4280 6088.
732 4212 770 4274 ad
791 4209 875 4272 xttt.
893 4229 956 4270 saec.
976 4213 1066 4294 vulgo
1086 4213 1225 4272 referunt.
1247 4211 1343 4271 Ceteri
1363 4209 1497 4272 eiusdem
1519 4209 1688 4274 bibliothe-

275 4347 315 4388 sc
334 4323 458 4386 Codices
477 4321 669 4394 0000060000,
688 4328 776 4399 atque
795 4315 869 4378 adso
893 4312 992 4396 (aas)
1015 4317 1130 4378 terioris
1149 4315 1328 4378 auctoritatis
1346 4319 1451 4376 sunm
