4582 5320
1627 445 1696 519 1⁰9

300 588 374 662 tius
397 613 514 691 quam
535 587 683 662 miseria
704 615 787 665 mea
808 588 922 666 fidem
945 591 1068 668 verbis
1088 592 1235 668 faceret.
1259 593 1332 670 Sed
1355 595 1540 698 quoniam
1561 623 1606 672 eo
1630 625 1699 674 na·

300 729 359 786 tus
382 736 487 801 sum,
512 728 557 786 ut
572 711 766 816 Iugurthae
788 713 1158 804 scelerumostentui
1180 742 1313 806 essem,
1339 747 1418 794 non
1440 721 1516 794 iam
1537 738 1699 796 mortem

299 859 424 936 noque
459 859 673 924 aerumnas,
717 836 982 911 tantummodo
1010 837 1164 912 inimici
1197 839 1400 943 imperium
1436 859 1475 916 et
1509 843 1699 919 cruciatus

297 959 464 1063 corporis
486 959 675 1063 deprecor.
712 963 839 1065 Regno
860 958 1065 1050 Numidiae,
1091 961 1195 1062 quod
1215 978 1380 1036 vestrum
1399 979 1470 1052 est,
1494 965 1553 1037 uti
1574 965 1698 1065 luber,

298 1081 506 1157 consulite:
530 1110 591 1157 me
613 1084 791 1159 manibus
809 1082 937 1186 impiis
955 1081 1090 1186 eripite
1104 1109 1174 1186 per
1191 1085 1423 1160 maiestatem
1444 1086 1613 1190 imperii,
1627 1115 1697 1190 per

298 1203 473 1280 amicitiae
496 1204 625 1301 lidem3
651 1206 682 1282 si
706 1207 787 1282 ulla
815 1205 920 1310 apud
949 1231 1013 1281 vos
1040 1207 1225 1282 memoria
1240 1226 1412 1284 remanet
1436 1210 1494 1283 avi
1517 1210 1591 1284 mei
1615 1211 1697 1284 Ma-

297 1327 442 1402 sinissoe.

382 1453 449 1527 His
471 1453 589 1529 literis
616 1454 780 1530 recitatis
801 1452 925 1542 fuere,
949 1452 1019 1556 qui
1045 1454 1253 1530 exercitum
1278 1455 1319 1529 in
1341 1454 1510 1530 Africam
1537 1456 1741 1532 mitten-²5

299 1572 391 1648 dum
418 1593 627 1666 censerent,
652 1593 690 1652 et
719 1604 836 1679 quam
866 1577 1037 1679 primum
1059 1577 1267 1652 Adherbali
1288 1578 1622 1654 subveniundum:
1648 1579 1695 1653 de
1825 1606 1831 1612 ·

300 1697 483 1802 Iugurtha
500 1699 652 1773 interim
673 1699 730 1774 uti
750 1699 1027 1788 consuleretur,
1052 1700 1236 1801 quoniam
1258 1700 1387 1803 legatis
1405 1728 1484 1776 non
1503 1702 1696 1804 paruisset.

297 1819 367 1894 Sed
390 1822 439 1894 ab
468 1821 586 1896 isdem
612 1823 686 1897 illis
711 1824 805 1927 regis
835 1821 1047 1896 fautoribus
1077 1799 1225 1897 sumnia
1250 1849 1321 1925 ope
1341 1824 1516 1915 enisum,
1547 1851 1596 1899 ne
1620 1825 1696 1902 tale

297 1941 491 2018 decretum
521 1944 634 2020 lieret.
680 1948 737 2018 Ita
759 1947 907 2020 bonum
932 1944 1152 2047 publicum,
1180 1945 1294 2018 utin
1322 1946 1512 2049 plerisque
1538 1947 1697 2049 negotiis

297 2065 412 2155 solet,
436 2068 582 2170 privata
604 2068 723 2170 gratia
744 2069 941 2144 devictum.
975 2071 1168 2173 Legantur
1182 2085 1309 2142 tamen
1329 2069 1370 2142 in
1385 2067 1554 2143 Africam
1578 2069 1697 2144 maio-

299 2215 353 2264 res
370 2206 484 2278 natu,
511 2190 677 2278 nobiles,
697 2191 833 2295 amplis
853 2189 1087 2264 honoribus=
1112 2190 1152 2262 in
1174 2190 1259 2290 quis
1281 2190 1356 2264 fuit
1375 2191 1425 2264 Μ.
1444 2193 1622 2281 Scaurus,
1648 2192 1696 2268 dc

299 2337 375 2412 quo
392 2337 507 2416 supra
537 2313 844 2402 memoravimus,
869 2312 1077 2388 consularis
1101 2328 1141 2385 et
1169 2328 1252 2386 turn
1275 2312 1317 2388 in
1343 2313 1485 2390 Senatu
1509 2314 1696 2420 princeps.

299 2434 366 2523 Hi,
394 2435 499 2538 quod
519 2461 575 2510 res
593 2436 634 2509 in
660 2435 802 2508 invidia
826 2450 923 2524 erat,
946 2434 1116 2507 simulet
1140 2434 1189 2514 ab
1208 2433 1382 2510 Numidis
1402 2435 1603 2525 obsecrati,
1631 2438 1697 2511 tri-

300 2555 375 2632 duo
394 2558 523 2632 navim
541 2558 758 2632 ascendere:
781 2555 870 2631 dein
889 2556 995 2630 brevi
1010 2555 1160 2629 Uticam
1178 2554 1329 2657 adpulsi
1349 2555 1475 2631 literas
1497 2557 1546 2631 ad
1562 2559 1697 2659 Iugur·

301 2676 405 2754 tham
423 2679 602 2771 mittunt,
640 2707 757 2783 quam
779 2678 960 2756 ocissume
980 2677 1030 2753 ad
1055 2675 1293 2780 provinciam
1316 2675 1489 2768 accedat,
1513 2703 1626 2781 seque
1642 2681 1696 2768 ad

298 2882 363 2945 Eoo.
384 2884 563 2948 Guell.1.a.
581 2905 626 2944 ιι.
654 2883 735 2944 vrar.
752 2883 819 2945 2.3.
848 2882 967 2944 Leidc.
996 2883 1055 2942 Erl.
1075 2881 1186 2964 Teg.d.
1209 2883 1331 2942 woden
1349 2880 1468 2942 Leidl.
1485 2903 1526 2941 m.
1557 2902 1694 2945 erman.

298 2985 366 3066 imp.
387 3007 477 3068 praep.
497 2988 630 3048 ombus.
645 3009 670 3047 ι.
689 2988 756 3047 Seu.
776 3009 800 3047 ι.
821 2986 872 3048 dc.
892 2988 977 3047 Bem.
991 2987 1021 3058 4.
1034 2987 1104 3048 vin.
1117 3007 1144 3050 r.
1159 2987 1256 3046 struv.
1277 2987 1336 3050 inc.
1348 3006 1375 3046 a.
1394 2985 1474 3046 Vrat.
1488 2991 1515 3049 3.
1536 2987 1634 3048 Guell.
1648 3008 1694 3050 12.

297 3090 375 3152 leid.
393 3091 425 3156 h.
439 3096 460 3152 l.
473 3113 505 3152 n.
524 3103 634 3174 septem
648 3093 761 3154 Wassii.
781 3111 802 3151 o
817 3091 927 3152 maort.
947 3091 1032 3158 Bern.
1047 3112 1073 3150 ι.
1094 3100 1226 3152 renouat
1244 3110 1306 3150 om.
1331 3089 1428 3150 Guell.
1443 3090 1474 3160 l.
1498 3093 1584 3152 etiam
1597 3092 1694 3154 suus.

296 3198 347 3276 qui
358 3200 426 3258 loco
446 3199 507 3258 eius
519 3206 560 3258 est
576 3198 609 3256 in
623 3198 683 3256 fine
698 3197 790 3262 addit.

338 3321 412 3405 Cup.
429 3326 478 3386 25.
498 3323 647 3404 inJAsrioa
661 3325 795 3384 irridenti.
815 3321 901 3383 Fabr.
913 3341 939 3381 ι.
960 3322 1005 3382 uti
1014 3341 1095 3382 coru.
1111 3321 1157 3381 uti
1166 3341 1227 3380 om.
1241 3322 1300 3381 inc.
1314 3341 1340 3380 ι.
1360 3318 1446 3380 Febr.
1458 3340 1486 3381 a.
1499 3319 1566 3383 Ecc·
1579 3322 1659 3387 Vrat.
1669 3325 1698 3386 3.

296 3425 391 3489 Guell'.
409 3451 438 3510 7.
452 3451 481 3510 9.
497 3450 542 3490 ιι.
557 3429 638 3490 leid.
650 3427 681 3489 b.
702 3429 764 3488 Bes.
774 3429 802 3500 l.
824 3425 925 3506 legatis
936 3445 998 3485 non
1007 3445 1074 3505 por..
1095 3425 1157 3484 Bra.
1177 3445 1203 3484 ι.
1214 3425 1243 3496 l.
1263 3423 1333 3483 Tur.
1354 3423 1438 3485 Bern.
1452 3446 1478 3485 ι.
1492 3445 1523 3485 ιι.
1532 3449 1563 3508 ρ.
1577 3428 1598 3488 l.
1619 3439 1699 3491 oete-

296 3534 330 3594 ri.
350 3533 441 3594 isdem
455 3533 522 3600 illia.
544 3533 600 3594 illis
616 3532 785 3595 amatr.
799 3552 827 3592 r.
849 3529 929 3590 illitu
946 3529 1042 3592 stmv.
1061 3549 1091 3589 v.
1108 3547 1136 3590 e.
1156 3527 1218 3588 Bas.
1236 3548 1261 3587 ι.
1281 3526 1394 3588 erutum
1407 3536 1448 3589 est
1467 3528 1590 3594 addunt
1601 3537 1699 3615 plures

296 3636 376 3698 libri.
395 3639 447 3698 alii
463 3638 559 3699 mirum
577 3641 623 3700 rel
641 3636 771 3698 miratu.
800 3655 838 3697 ns
855 3634 914 3696 ut
927 3635 1086 3695 ἀωνιιιιιιι.
1106 3633 1165 3693 tola
1176 3653 1237 3692 om.
1250 3631 1335 3692 Febr.
1349 3653 1377 3693 a.
1397 3632 1501 3698 dorin.
1516 3641 1558 3694 est
1575 3629 1696 3690 luidb.

296 3739 327 3804 d.
339 3741 360 3800 l.
375 3737 407 3800 b.
426 3740 496 3801 Tur.
524 3741 608 3802 Bern.
624 3741 686 3807 1.3.
708 3739 815 3801 notite
830 3738 920 3819 ampl.
946 3737 1053 3799 nobiles
1066 3739 1126 3797 onl.
1141 3734 1239 3796 Guelf.
1250 3735 1280 3802 3.
1305 3737 1352 3798 usi
1363 3737 1442 3826 bort.s
1456 3736 1551 3798 suuv.
1572 3732 1619 3796 uti
1635 3752 1697 3792 οιιι.

296 3843 417 3906 Comm.
435 3843 521 3905 Febr.
537 3866 563 3905 ι.
577 3865 606 3906 a.
624 3845 695 3906 Tur.
715 3867 756 3905 m.
767 3864 819 3927 pr.
835 3843 921 3909 Paris.
935 3841 965 3904 b.
981 3864 1007 3908 ο.
1028 3841 1062 3902 in
1075 3841 1138 3921 quia
1149 3840 1215 3919 suit
1234 3837 1319 3918 Febr.
1340 3840 1401 3900 Bos.
1414 3859 1441 3900 ι.
1460 3839 1556 3898 Sonat.
1572 3857 1598 3898 1.
1618 3846 1699 3897 cete-

294 3951 379 4031 n'que
395 3951 509 4014 retorti.
528 3947 573 4010 M.
588 3947 694 4010 Armet.
710 3947 759 4010 So.
778 3949 847 4012 vin.
860 3967 889 4008 ι.
909 3945 961 4009 Ac.
986 3947 1046 4012 inc.
1060 3965 1089 4006 r.
1115 3945 1201 4006 ilem.
1212 3964 1241 4004 ι.
1270 3943 1305 4004 in
1316 3951 1419 4004 ισιιαιιι
1432 3938 1568 4023 princeps
1593 3939 1656 3998 Bas.
1671 3961 1697 4000 ι.

295 4051 365 4116 Vin.
380 4073 408 4114 r.
432 4051 534 4115 lirun.
561 4052 658 4114 Sonat.
670 4073 699 4118 a.
717 4051 808 4114 dead.
828 4055 889 4116 inc.
916 4049 1101 4116 struv.1tee.
1121 4047 1220 4110 Guell.
1235 4067 1282 4110 ιο.
1299 4065 1403 4113 rura.
1429 4043 1514 4110 Bem.
1528 4063 1554 4104 ι.
1582 4050 1701 4105 eruco

294 4155 393 4236 princ.
412 4154 526 4220 Febris.
547 4156 645 4218 Turio.
664 4156 750 4222 Bern.
764 4157 793 4218 ὅ.
812 4155 902 4219 simul
913 4155 978 4214 -ob
998 4161 1027 4214 st
1037 4151 1129 4214 Num.
1142 4151 1203 4212 ubo.
1222 4148 1308 4212 Febr.
1323 4168 1351 4211 a.
1370 4147 1459 4210 simul
1476 4159 1537 4208 om.
1553 4146 1650 4213 Sum.
1670 4157 1699 4210 st

295 4277 357 4324 om.
371 4260 469 4326 ouer.
480 4261 511 4334 l.
532 4279 636 4326 aaron
654 4262 715 4326 inc.
734 4259 859 4323 rora.
878 4257 947 4324 Eoo
972 4254 1035 4334 Bra.
1052 4255 1082 4328 4.
1108 4253 1196 4334 Rem.
1210 4273 1236 4320 ι.
1256 4271 1286 4315 ιο
1298 4253 1341 4313 od
1352 4269 1419 4312 arm
1430 4249 1496 4322 lliv.
1515 4251 1584 4316 libri
1596 4261 1625 4316 et
1640 4252 1701 4315 ali·
