<?xml version="1.0" encoding="UTF-8"?>
<!DOCTYPE html PUBLIC "-//W3C//DTD XHTML 1.0 Transitional//EN"
    "http://www.w3.org/TR/xhtml1/DTD/xhtml1-transitional.dtd">
<html xmlns="http://www.w3.org/1999/xhtml" xml:lang="en" lang="en">
 <head>
  <title>
</title>
<meta http-equiv="Content-Type" content="text/html;charset=utf-8" />
  <meta name='ocr-system' content='tesseract 3.04.00' />
  <meta name='ocr-capabilities' content='ocr_page ocr_carea ocr_par ocr_line ocrx_word'/>
</head>
<body>
  <div class='ocr_page' id='page_1' title='image "./ccrispisalustii02sallgoog_0175.png"; bbox 0 0 4570 5316; ppageno 0'>
   <div class='ocr_carea' id='block_1_1' title="bbox 599 436 674 524">
    <p class='ocr_par' dir='ltr' id='par_1_1' title="bbox 599 436 674 524">
     <span class='ocr_line' id='line_1_1' title="bbox 599 436 674 524; baseline -0.013 -20"><span class='ocrx_word' id='word_1_1' title='bbox 599 436 674 524; x_wconf 64' lang='lat'><strong>132„</strong></span> 
     </span>
    </p>
   </div>
   <div class='ocr_carea' id='block_1_2' title="bbox 475 607 1998 2676">
    <p class='ocr_par' dir='ltr' id='par_1_2' title="bbox 594 607 1995 958">
     <span class='ocr_line' id='line_1_2' title="bbox 594 607 1993 715; baseline -0.001 -31"><span class='ocrx_word' id='word_1_2' title='bbox 594 610 677 685; x_wconf 85' lang='lat' dir='ltr'><strong>xilii</strong></span> <span class='ocrx_word' id='word_1_3' title='bbox 707 625 776 687; x_wconf 85' lang='lat' dir='ltr'><strong>aut</strong></span> <span class='ocrx_word' id='word_1_4' title='bbox 800 611 912 687; x_wconf 87' lang='lat' dir='ltr'><strong>bonae</strong></span> <span class='ocrx_word' id='word_1_5' title='bbox 946 610 1025 715; x_wconf 88' lang='lat' dir='ltr'><strong>spei</strong></span> <span class='ocrx_word' id='word_1_6' title='bbox 1056 608 1267 685; x_wconf 81' lang='lat' dir='ltr'><strong>accedebat</strong></span> <span class='ocrx_word' id='word_1_7' title='bbox 1317 607 1458 684; x_wconf 77' lang='lat' dir='ltr'><strong>Statuit</strong></span> <span class='ocrx_word' id='word_1_8' title='bbox 1489 622 1616 682; x_wconf 83' lang='lat' dir='ltr'><strong>tamen</strong></span> <span class='ocrx_word' id='word_1_9' title='bbox 1640 607 1831 696; x_wconf 76' lang='lat' dir='ltr'><strong>Metellus,</strong></span> <span class='ocrx_word' id='word_1_10' title='bbox 1858 633 1993 710; x_wconf 81' lang='lat' dir='ltr'><strong>quam·</strong></span> 
     </span>
     <span class='ocr_line' id='line_1_3' title="bbox 596 729 1995 837; baseline -0.002 -30"><span class='ocrx_word' id='word_1_11' title='bbox 596 760 714 837; x_wconf 85' lang='lat' dir='ltr'><strong>quam</strong></span> <span class='ocrx_word' id='word_1_12' title='bbox 736 749 775 809; x_wconf 90' lang='lat' dir='ltr'><strong>et</strong></span> <span class='ocrx_word' id='word_1_13' title='bbox 790 730 1176 836; x_wconf 32' lang='lat' dir='ltr'><strong>estivommvtempus</strong></span> <span class='ocrx_word' id='word_1_14' title='bbox 1199 729 1443 806; x_wconf 89' lang='lat' dir='ltr'><strong>comitiorum</strong></span> <span class='ocrx_word' id='word_1_15' title='bbox 1465 757 1571 805; x_wconf 89' lang='lat' dir='ltr'><strong>mora</strong></span> <span class='ocrx_word' id='word_1_16' title='bbox 1585 730 1844 820; x_wconf 87' lang='lat' dir='ltr'><strong>imminuerat,</strong></span> <span class='ocrx_word' id='word_1_17' title='bbox 1873 745 1911 806; x_wconf 87' lang='lat' dir='ltr'><strong>st</strong></span> <span class='ocrx_word' id='word_1_18' title='bbox 1931 756 1995 804; x_wconf 78' lang='lat' dir='ltr'><strong>ex·</strong></span> 
     </span>
     <span class='ocr_line' id='line_1_4' title="bbox 595 852 1994 958; baseline -0.003 -28"><span class='ocrx_word' id='word_1_19' title='bbox 595 857 827 958; x_wconf 81' lang='lat' dir='ltr'><strong>spectatione</strong></span> <span class='ocrx_word' id='word_1_20' title='bbox 848 873 1003 931; x_wconf 85' lang='lat' dir='ltr'><strong>eventus</strong></span> <span class='ocrx_word' id='word_1_21' title='bbox 1040 855 1182 932; x_wconf 82' lang='lat' dir='ltr'><strong>civium</strong></span> <span class='ocrx_word' id='word_1_22' title='bbox 1201 853 1346 928; x_wconf 87' lang='lat' dir='ltr'><strong>animos</strong></span> <span class='ocrx_word' id='word_1_23' title='bbox 1366 853 1532 928; x_wconf 85' lang='lat' dir='ltr'><strong>intentos</strong></span> <span class='ocrx_word' id='word_1_24' title='bbox 1561 852 1743 958; x_wconf 87' lang='lat' dir='ltr'><strong>putabat;</strong></span> <span class='ocrx_word' id='word_1_25' title='bbox 1774 878 1853 927; x_wconf 91' lang='lat' dir='ltr'><strong>non</strong></span> <span class='ocrx_word' id='word_1_26' title='bbox 1887 854 1994 956; x_wconf 88' lang='lat' dir='ltr'><strong>prius</strong></span> 
     </span>
    </p>

    <p class='ocr_par' dir='ltr' id='par_1_3' title="bbox 475 975 1998 2676">
     <span class='ocr_line' id='line_1_5' title="bbox 475 975 1994 1082; baseline 0 -30"><span class='ocrx_word' id='word_1_27' title='bbox 475 1048 481 1060; x_wconf 84' lang='grc'>,</span> <span class='ocrx_word' id='word_1_28' title='bbox 596 978 741 1053; x_wconf 89' lang='lat' dir='ltr'><strong>bellum</strong></span> <span class='ocrx_word' id='word_1_29' title='bbox 758 977 953 1082; x_wconf 87' lang='lat' dir='ltr'><strong>adtingere</strong></span> <span class='ocrx_word' id='word_1_30' title='bbox 977 1004 1095 1082; x_wconf 82' lang='lat' dir='ltr'><strong>quam</strong></span> <span class='ocrx_word' id='word_1_31' title='bbox 1117 975 1308 1050; x_wconf 90' lang='lat' dir='ltr'><strong>maiorum</strong></span> <span class='ocrx_word' id='word_1_32' title='bbox 1332 975 1533 1078; x_wconf 78' lang='lat' dir='ltr'><strong>disciplina</strong></span> <span class='ocrx_word' id='word_1_33' title='bbox 1554 975 1693 1050; x_wconf 83' lang='lat' dir='ltr'><strong>milites</strong></span> <span class='ocrx_word' id='word_1_34' title='bbox 1713 975 1888 1050; x_wconf 85' lang='lat' dir='ltr'><strong>laborare</strong></span> <span class='ocrx_word' id='word_1_35' title='bbox 1912 1003 1994 1052; x_wconf 86' lang='lat' dir='ltr'><strong>coe-</strong></span> 
     </span>
     <span class='ocr_line' id='line_1_6' title="bbox 595 1097 1995 1204; baseline -0.001 -28"><span class='ocrx_word' id='word_1_36' title='bbox 595 1099 713 1204; x_wconf 80' lang='lat' dir='ltr'><strong>gisset.</strong></span> <span class='ocrx_word' id='word_1_37' title='bbox 762 1102 861 1176; x_wconf 88' lang='lat' dir='ltr'><strong>Nam</strong></span> <span class='ocrx_word' id='word_1_38' title='bbox 880 1101 1066 1190; x_wconf 84' lang='lat' dir='ltr'><strong>Albinus,</strong></span> <span class='ocrx_word' id='word_1_39' title='bbox 1096 1098 1188 1174; x_wconf 80' lang='lat' dir='ltr'><strong>Auli</strong></span> <span class='ocrx_word' id='word_1_40' title='bbox 1218 1098 1345 1172; x_wconf 86' lang='lat' dir='ltr'><strong>fratris</strong></span> <span class='ocrx_word' id='word_1_41' title='bbox 1364 1097 1624 1200; x_wconf 84' lang='lat' dir='ltr'><strong>exercitusque</strong></span> <span class='ocrx_word' id='word_1_42' title='bbox 1642 1097 1751 1172; x_wconf 88' lang='lat' dir='ltr'><strong>clade</strong></span> <span class='ocrx_word' id='word_1_43' title='bbox 1785 1099 1995 1202; x_wconf 85' lang='lat' dir='ltr'><strong>perculsus,</strong></span> 
     </span>
     <span class='ocr_line' id='line_1_7' title="bbox 595 1219 1996 1326; baseline -0.001 -29"><span class='ocrx_word' id='word_1_44' title='bbox 595 1239 798 1326; x_wconf 79' lang='lat' dir='ltr'><strong>postquam</strong></span> <span class='ocrx_word' id='word_1_45' title='bbox 819 1224 1034 1312; x_wconf 82' lang='lat' dir='ltr'><strong>decreverat</strong></span> <span class='ocrx_word' id='word_1_46' title='bbox 1058 1249 1140 1298; x_wconf 89' lang='lat' dir='ltr'><strong>non</strong></span> <span class='ocrx_word' id='word_1_47' title='bbox 1163 1219 1289 1325; x_wconf 79' lang='lat' dir='ltr'><strong>egredi</strong></span> <span class='ocrx_word' id='word_1_48' title='bbox 1307 1220 1525 1325; x_wconf 84' lang='lat' dir='ltr'><strong>provincia,</strong></span> <span class='ocrx_word' id='word_1_49' title='bbox 1543 1237 1736 1324; x_wconf 88' lang='lat' dir='ltr'><strong>quantum</strong></span> <span class='ocrx_word' id='word_1_50' title='bbox 1754 1222 1931 1325; x_wconf 88' lang='lat' dir='ltr'><strong>temporis</strong></span> <span class='ocrx_word' id='word_1_51' title='bbox 1948 1248 1996 1296; x_wconf 81' lang='lat' dir='ltr'><strong>ae-</strong></span> 
     </span>
     <span class='ocr_line' id='line_1_8' title="bbox 595 1342 1996 1449; baseline 0 -29"><span class='ocrx_word' id='word_1_52' title='bbox 595 1346 780 1422; x_wconf 83' lang='lat' dir='ltr'><strong>stivorum</strong></span> <span class='ocrx_word' id='word_1_53' title='bbox 798 1345 840 1420; x_wconf 90' lang='lat' dir='ltr'><strong>in</strong></span> <span class='ocrx_word' id='word_1_54' title='bbox 861 1345 1027 1449; x_wconf 89' lang='lat' dir='ltr'><strong>imperio</strong></span> <span class='ocrx_word' id='word_1_55' title='bbox 1039 1345 1136 1434; x_wconf 86' lang='lat' dir='ltr'><strong>fuit,</strong></span> <span class='ocrx_word' id='word_1_56' title='bbox 1155 1343 1382 1448; x_wconf 86' lang='lat' dir='ltr'><strong>plerumque</strong></span> <span class='ocrx_word' id='word_1_57' title='bbox 1397 1342 1537 1416; x_wconf 80' lang='lat' dir='ltr'><strong>milites</strong></span> <span class='ocrx_word' id='word_1_58' title='bbox 1558 1342 1702 1418; x_wconf 87' lang='lat' dir='ltr'><strong>stativis</strong></span> <span class='ocrx_word' id='word_1_59' title='bbox 1724 1343 1853 1418; x_wconf 85' lang='lat' dir='ltr'><strong>cestris</strong></span> <span class='ocrx_word' id='word_1_60' title='bbox 1879 1343 1996 1420; x_wconf 83' lang='lat' dir='ltr'><strong>habe·</strong></span> 
     </span>
     <span class='ocr_line' id='line_1_9' title="bbox 596 1466 1996 1572; baseline -0.001 -29"><span class='ocrx_word' id='word_1_61' title='bbox 596 1469 689 1544; x_wconf 85' lang='lat' dir='ltr'><strong>bat:</strong></span> <span class='ocrx_word' id='word_1_62' title='bbox 714 1468 786 1544; x_wconf 89' lang='lat' dir='ltr'><strong>nisi</strong></span> <span class='ocrx_word' id='word_1_63' title='bbox 805 1496 928 1572; x_wconf 81' lang='lat' dir='ltr'><strong>quum</strong></span> <span class='ocrx_word' id='word_1_64' title='bbox 953 1468 1044 1543; x_wconf 88' lang='lat' dir='ltr'><strong>odos</strong></span> <span class='ocrx_word' id='word_1_65' title='bbox 1067 1482 1137 1542; x_wconf 89' lang='lat' dir='ltr'><strong>aut</strong></span> <span class='ocrx_word' id='word_1_66' title='bbox 1155 1466 1290 1571; x_wconf 89' lang='lat' dir='ltr'><strong>pabuli</strong></span> <span class='ocrx_word' id='word_1_67' title='bbox 1314 1481 1452 1570; x_wconf 81' lang='lat' dir='ltr'><strong>egestas</strong></span> <span class='ocrx_word' id='word_1_68' title='bbox 1476 1466 1606 1540; x_wconf 91' lang='lat' dir='ltr'><strong>locum</strong></span> <span class='ocrx_word' id='word_1_69' title='bbox 1627 1481 1776 1540; x_wconf 88' lang='lat' dir='ltr'><strong>mutare</strong></span> <span class='ocrx_word' id='word_1_70' title='bbox 1793 1467 1996 1571; x_wconf 79' lang='lat' dir='ltr'><strong>subegerat.</strong></span> 
     </span>
     <span class='ocr_line' id='line_1_10' title="bbox 597 1588 1996 1696; baseline -0.001 -29"><span class='ocrx_word' id='word_1_71' title='bbox 597 1592 668 1667; x_wconf 86' lang='lat' dir='ltr'><strong>Sed</strong></span> <span class='ocrx_word' id='word_1_72' title='bbox 688 1592 839 1696; x_wconf 89' lang='lat' dir='ltr'><strong>(neque</strong></span> <span class='ocrx_word' id='word_1_73' title='bbox 859 1594 1138 1668; x_wconf 83' lang='lat' dir='ltr'><strong>muniebantur</strong></span> <span class='ocrx_word' id='word_1_74' title='bbox 1152 1591 1221 1688; x_wconf 86' lang='lat' dir='ltr'><strong>ea)</strong></span> <span class='ocrx_word' id='word_1_75' title='bbox 1236 1615 1362 1691; x_wconf 81' lang='lat' dir='ltr'><strong>neque</strong></span> <span class='ocrx_word' id='word_1_76' title='bbox 1386 1614 1492 1663; x_wconf 89' lang='lat' dir='ltr'><strong>more</strong></span> <span class='ocrx_word' id='word_1_77' title='bbox 1508 1588 1666 1662; x_wconf 89' lang='lat' dir='ltr'><strong>militari</strong></span> <span class='ocrx_word' id='word_1_78' title='bbox 1684 1588 1820 1692; x_wconf 80' lang='lat' dir='ltr'><strong>vigiliae</strong></span> <span class='ocrx_word' id='word_1_79' title='bbox 1836 1591 1996 1668; x_wconf 63' lang='lat' dir='ltr'><strong>deduce</strong></span> 
     </span>
     <span class='ocr_line' id='line_1_11' title="bbox 597 1711 1994 1818; baseline 0 -30"><span class='ocrx_word' id='word_1_80' title='bbox 597 1713 762 1809; x_wconf 81' lang='lat' dir='ltr'><strong>bantur3</strong></span> <span class='ocrx_word' id='word_1_81' title='bbox 799 1716 858 1789; x_wconf 90' lang='lat' dir='ltr'><strong>uti</strong></span> <span class='ocrx_word' id='word_1_82' title='bbox 888 1716 1028 1818; x_wconf 81' lang='lat' dir='ltr'><strong>cuique</strong></span> <span class='ocrx_word' id='word_1_83' title='bbox 1055 1713 1232 1802; x_wconf 87' lang='lat' dir='ltr'><strong>lubebat,</strong></span> <span class='ocrx_word' id='word_1_84' title='bbox 1270 1712 1318 1786; x_wconf 86' lang='lat' dir='ltr'><strong>ab</strong></span> <span class='ocrx_word' id='word_1_85' title='bbox 1344 1711 1459 1816; x_wconf 85' lang='lat' dir='ltr'><strong>signis</strong></span> <span class='ocrx_word' id='word_1_86' title='bbox 1488 1712 1628 1786; x_wconf 86' lang='lat' dir='ltr'><strong>aberat.</strong></span> <span class='ocrx_word' id='word_1_87' title='bbox 1688 1711 1791 1786; x_wconf 81' lang='lat' dir='ltr'><strong>Lixae</strong></span> <span class='ocrx_word' id='word_1_88' title='bbox 1817 1714 1994 1816; x_wconf 84' lang='lat' dir='ltr'><strong>permixti</strong></span> 
     </span>
     <span class='ocr_line' id='line_1_12' title="bbox 598 1833 1997 1940; baseline 0.001 -30"><span class='ocrx_word' id='word_1_89' title='bbox 598 1861 688 1911; x_wconf 88' lang='lat' dir='ltr'><strong>cum</strong></span> <span class='ocrx_word' id='word_1_90' title='bbox 712 1837 899 1911; x_wconf 87' lang='lat' dir='ltr'><strong>militibus</strong></span> <span class='ocrx_word' id='word_1_91' title='bbox 919 1836 982 1911; x_wconf 90' lang='lat' dir='ltr'><strong>die</strong></span> <span class='ocrx_word' id='word_1_92' title='bbox 1000 1852 1197 1938; x_wconf 73' lang='lat' dir='ltr'><strong>noctuque</strong></span> <span class='ocrx_word' id='word_1_93' title='bbox 1220 1838 1479 1939; x_wconf 83' lang='lat' dir='ltr'><strong>vagabantur,</strong></span> <span class='ocrx_word' id='word_1_94' title='bbox 1497 1851 1536 1908; x_wconf 88' lang='lat' dir='ltr'><strong>et</strong></span> <span class='ocrx_word' id='word_1_95' title='bbox 1554 1833 1726 1939; x_wconf 81' lang='lat' dir='ltr'><strong>palantes</strong></span> <span class='ocrx_word' id='word_1_96' title='bbox 1747 1861 1854 1940; x_wconf 79' lang='lat' dir='ltr'><strong>agros</strong></span> <span class='ocrx_word' id='word_1_97' title='bbox 1879 1853 1997 1911; x_wconf 83' lang='lat' dir='ltr'><strong>vasta-</strong></span> 
     </span>
     <span class='ocr_line' id='line_1_13' title="bbox 598 1941 1998 2062; baseline 0 -28"><span class='ocrx_word' id='word_1_98' title='bbox 598 1986 660 2051; x_wconf 89' lang='lat' dir='ltr'><strong>re,</strong></span> <span class='ocrx_word' id='word_1_99' title='bbox 686 1959 794 2033; x_wconf 84' lang='lat' dir='ltr'><strong>villas</strong></span> <span class='ocrx_word' id='word_1_100' title='bbox 823 1985 1064 2062; x_wconf 86' lang='lat' dir='ltr'><strong>expugnare,</strong></span> <span class='ocrx_word' id='word_1_101' title='bbox 1089 1957 1233 2061; x_wconf 84' lang='lat' dir='ltr'><strong>pecoris</strong></span> <span class='ocrx_word' id='word_1_102' title='bbox 1260 1973 1300 2032; x_wconf 85' lang='lat' dir='ltr'><strong>et</strong></span> <span class='ocrx_word' id='word_1_103' title='bbox 1331 1955 1614 2060; x_wconf 89' lang='lat' dir='ltr'><strong>mancipiorum</strong></span> <span class='ocrx_word' id='word_1_104' title='bbox 1645 1956 1792 2062; x_wconf 72' lang='lat' dir='ltr'><strong>praedas</strong></span> <span class='ocrx_word' id='word_1_105' title='bbox 1815 1941 1998 2034; x_wconf 77' lang='lat' dir='ltr'><strong>certantes</strong></span> 
     </span>
     <span class='ocr_line' id='line_1_14' title="bbox 599 2079 1996 2186; baseline 0.003 -31"><span class='ocrx_word' id='word_1_106' title='bbox 599 2107 738 2186; x_wconf 86' lang='lat' dir='ltr'><strong>agere:</strong></span> <span class='ocrx_word' id='word_1_107' title='bbox 771 2107 892 2184; x_wconf 85' lang='lat' dir='ltr'><strong>eaque</strong></span> <span class='ocrx_word' id='word_1_108' title='bbox 914 2097 1064 2156; x_wconf 84' lang='lat' dir='ltr'><strong>mutare</strong></span> <span class='ocrx_word' id='word_1_109' title='bbox 1098 2106 1188 2153; x_wconf 93' lang='lat' dir='ltr'><strong>cum</strong></span> <span class='ocrx_word' id='word_1_110' title='bbox 1213 2080 1486 2154; x_wconf 86' lang='lat' dir='ltr'><strong>mercatoribus</strong></span> <span class='ocrx_word' id='word_1_111' title='bbox 1507 2080 1598 2156; x_wconf 90' lang='lat' dir='ltr'><strong>vino</strong></span> <span class='ocrx_word' id='word_1_112' title='bbox 1630 2079 1829 2157; x_wconf 90' lang='lat' dir='ltr'><strong>advectitio</strong></span> <span class='ocrx_word' id='word_1_113' title='bbox 1848 2100 1888 2160; x_wconf 87' lang='lat' dir='ltr'><strong>et</strong></span> <span class='ocrx_word' id='word_1_114' title='bbox 1913 2083 1996 2159; x_wconf 86' lang='lat' dir='ltr'><strong>aliis</strong></span> 
     </span>
     <span class='ocr_line' id='line_1_15' title="bbox 583 2201 1995 2310; baseline 0.003 -32"><span class='ocrx_word' id='word_1_115' title='bbox 583 2203 740 2278; x_wconf 82' lang='lat' dir='ltr'><strong>talibus</strong></span> <span class='ocrx_word' id='word_1_116' title='bbox 764 2236 772 2276; x_wconf 90' lang='lat'>:</span> <span class='ocrx_word' id='word_1_117' title='bbox 795 2220 993 2307; x_wconf 84' lang='lat' dir='ltr'><strong>praeterea,</strong></span> <span class='ocrx_word' id='word_1_118' title='bbox 1028 2201 1267 2276; x_wconf 85' lang='lat' dir='ltr'><strong>frumentum</strong></span> <span class='ocrx_word' id='word_1_119' title='bbox 1298 2201 1454 2305; x_wconf 89' lang='lat' dir='ltr'><strong>publice</strong></span> <span class='ocrx_word' id='word_1_120' title='bbox 1488 2203 1623 2278; x_wconf 90' lang='lat' dir='ltr'><strong>datum</strong></span> <span class='ocrx_word' id='word_1_121' title='bbox 1645 2204 1826 2295; x_wconf 86' lang='lat' dir='ltr'><strong>vendere,</strong></span> <span class='ocrx_word' id='word_1_122' title='bbox 1857 2233 1995 2310; x_wconf 89' lang='lat' dir='ltr'><strong>panem</strong></span> 
     </span>
     <span class='ocr_line' id='line_1_16' title="bbox 601 2325 1995 2434; baseline 0.003 -34"><span class='ocrx_word' id='word_1_123' title='bbox 601 2327 745 2402; x_wconf 88' lang='lat' dir='ltr'><strong>indies</strong></span> <span class='ocrx_word' id='word_1_124' title='bbox 775 2327 935 2401; x_wconf 88' lang='lat' dir='ltr'><strong>mercari</strong></span> <span class='ocrx_word' id='word_1_125' title='bbox 961 2357 969 2398; x_wconf 76' lang='grc' dir='ltr'><strong>ι</strong></span> <span class='ocrx_word' id='word_1_126' title='bbox 999 2341 1209 2428; x_wconf 88' lang='lat' dir='ltr'><strong>postremo,</strong></span> <span class='ocrx_word' id='word_1_127' title='bbox 1235 2351 1487 2426; x_wconf 73' lang='lat' dir='ltr'><strong>quaecumque</strong></span> <span class='ocrx_word' id='word_1_128' title='bbox 1521 2325 1598 2400; x_wconf 92' lang='lat' dir='ltr'><strong>dici</strong></span> <span class='ocrx_word' id='word_1_129' title='bbox 1631 2341 1712 2401; x_wconf 48' lang='lat' dir='ltr'><strong>autx</strong></span> <span class='ocrx_word' id='word_1_130' title='bbox 1731 2326 1823 2434; x_wconf 86' lang='lat' dir='ltr'><strong>fingi</strong></span> <span class='ocrx_word' id='word_1_131' title='bbox 1849 2347 1995 2432; x_wconf 67' lang='lat' dir='ltr'><strong>qureunt</strong></span> 
     </span>
     <span class='ocr_line' id='line_1_17' title="bbox 600 2446 1994 2553; baseline 0.005 -32"><span class='ocrx_word' id='word_1_132' title='bbox 600 2448 759 2553; x_wconf 71' lang='lat' dir='ltr'><strong>ignaviae</strong></span> <span class='ocrx_word' id='word_1_133' title='bbox 782 2449 1020 2550; x_wconf 85' lang='lat' dir='ltr'><strong>luxuriaeque</strong></span> <span class='ocrx_word' id='word_1_134' title='bbox 1041 2447 1200 2550; x_wconf 85' lang='lat' dir='ltr'><strong>probra,</strong></span> <span class='ocrx_word' id='word_1_135' title='bbox 1224 2447 1266 2520; x_wconf 93' lang='lat' dir='ltr'><strong>in</strong></span> <span class='ocrx_word' id='word_1_136' title='bbox 1290 2446 1359 2522; x_wconf 92' lang='lat' dir='ltr'><strong>illo</strong></span> <span class='ocrx_word' id='word_1_137' title='bbox 1374 2448 1542 2523; x_wconf 83' lang='lat' dir='ltr'><strong>exercitu</strong></span> <span class='ocrx_word' id='word_1_138' title='bbox 1561 2465 1700 2524; x_wconf 88' lang='lat' dir='ltr'><strong>cuncta</strong></span> <span class='ocrx_word' id='word_1_139' title='bbox 1721 2449 1844 2542; x_wconf 83' lang='lat' dir='ltr'><strong>fuere,</strong></span> <span class='ocrx_word' id='word_1_140' title='bbox 1869 2469 1908 2528; x_wconf 89' lang='lat' dir='ltr'><strong>et</strong></span> <span class='ocrx_word' id='word_1_141' title='bbox 1921 2453 1994 2529; x_wconf 89' lang='lat' dir='ltr'><strong>alia</strong></span> 
     </span>
     <span class='ocr_line' id='line_1_18' title="bbox 553 2568 1995 2676; baseline 0.001 -26"><span class='ocrx_word' id='word_1_142' title='bbox 553 2577 594 2650; x_wconf 69' lang='lat'><strong>4⁵</strong></span> <span class='ocrx_word' id='word_1_143' title='bbox 602 2573 774 2676; x_wconf 89' lang='lat' dir='ltr'><strong>amplius.</strong></span> <span class='ocrx_word' id='word_1_144' title='bbox 808 2572 880 2650; x_wconf 87' lang='lat' dir='ltr'><strong>Sed</strong></span> <span class='ocrx_word' id='word_1_145' title='bbox 898 2572 940 2646; x_wconf 94' lang='lat' dir='ltr'><strong>in</strong></span> <span class='ocrx_word' id='word_1_146' title='bbox 963 2597 1006 2647; x_wconf 85' lang='lat' dir='ltr'><strong>ea</strong></span> <span class='ocrx_word' id='word_1_147' title='bbox 1030 2568 1254 2646; x_wconf 83' lang='lat' dir='ltr'><strong>difficultate</strong></span> <span class='ocrx_word' id='word_1_148' title='bbox 1270 2570 1469 2645; x_wconf 85' lang='lat' dir='ltr'><strong>Metellum</strong></span> <span class='ocrx_word' id='word_1_149' title='bbox 1489 2598 1570 2646; x_wconf 94' lang='lat' dir='ltr'><strong>non</strong></span> <span class='ocrx_word' id='word_1_150' title='bbox 1594 2572 1722 2648; x_wconf 89' lang='lat' dir='ltr'><strong>minus</strong></span> <span class='ocrx_word' id='word_1_151' title='bbox 1744 2601 1863 2676; x_wconf 88' lang='lat' dir='ltr'><strong>quam</strong></span> <span class='ocrx_word' id='word_1_152' title='bbox 1881 2577 1923 2651; x_wconf 92' lang='lat' dir='ltr'><strong>in</strong></span> <span class='ocrx_word' id='word_1_153' title='bbox 1939 2605 1995 2652; x_wconf 86' lang='lat' dir='ltr'><strong>re-</strong></span> 
     </span>
    </p>
   </div>
   <div class='ocr_carea' id='block_1_3' title="bbox 600 2694 1996 2802">
    <p class='ocr_par' dir='ltr' id='par_1_4' title="bbox 600 2694 1996 2802">
     <span class='ocr_line' id='line_1_19' title="bbox 600 2694 1996 2802; baseline 0.004 -33"><span class='ocrx_word' id='word_1_154' title='bbox 600 2696 671 2770; x_wconf 87' lang='lat' dir='ltr'><strong>bus</strong></span> <span class='ocrx_word' id='word_1_155' title='bbox 704 2695 905 2770; x_wconf 87' lang='lat' dir='ltr'><strong>hostilibus</strong></span> <span class='ocrx_word' id='word_1_156' title='bbox 939 2719 1123 2799; x_wconf 85' lang='lat' dir='ltr'><strong>magnum</strong></span> <span class='ocrx_word' id='word_1_157' title='bbox 1150 2709 1189 2769; x_wconf 87' lang='lat' dir='ltr'><strong>et</strong></span> <span class='ocrx_word' id='word_1_158' title='bbox 1221 2694 1432 2796; x_wconf 82' lang='lat' dir='ltr'><strong>sapientem</strong></span> <span class='ocrx_word' id='word_1_159' title='bbox 1460 2694 1587 2769; x_wconf 83' lang='lat' dir='ltr'><strong>virum</strong></span> <span class='ocrx_word' id='word_1_160' title='bbox 1607 2695 1737 2786; x_wconf 59' lang='lat' dir='ltr'><strong>‚fuisse</strong></span> <span class='ocrx_word' id='word_1_161' title='bbox 1765 2700 1996 2802; x_wconf 78' lang='lat' dir='ltr'><strong>comperior5</strong></span> 
     </span>
    </p>
   </div>
   <div class='ocr_carea' id='block_1_4' title="bbox 478 2871 2004 4323">
    <p class='ocr_par' dir='ltr' id='par_1_5' title="bbox 583 2871 2004 3812">
     <span class='ocr_line' id='line_1_20' title="bbox 600 2871 2001 2970; baseline 0.006 -19"><span class='ocrx_word' id='word_1_162' title='bbox 600 2891 662 2952; x_wconf 82' lang='lat' dir='ltr'><strong>Bes.</strong></span> <span class='ocrx_word' id='word_1_163' title='bbox 678 2913 703 2958; x_wconf 84' lang='lat'><strong>1.</strong></span> <span class='ocrx_word' id='word_1_164' title='bbox 722 2893 817 2953; x_wconf 65' lang='lat' dir='ltr'><strong>suus.</strong></span> <span class='ocrx_word' id='word_1_165' title='bbox 839 2889 935 2951; x_wconf 81' lang='lat' dir='ltr'><strong>Gusls.</strong></span> <span class='ocrx_word' id='word_1_166' title='bbox 949 2912 975 2952; x_wconf 93' lang='grc' dir='ltr'><strong>ι.</strong></span> <span class='ocrx_word' id='word_1_167' title='bbox 990 2891 1075 2952; x_wconf 77' lang='lat' dir='ltr'><strong>bones</strong></span> <span class='ocrx_word' id='word_1_168' title='bbox 1085 2887 1145 2970; x_wconf 81' lang='lat' dir='ltr'><strong>spei</strong></span> <span class='ocrx_word' id='word_1_169' title='bbox 1157 2890 1272 2970; x_wconf 82' lang='lat' dir='ltr'><strong>reliqui.</strong></span> <span class='ocrx_word' id='word_1_170' title='bbox 1286 2889 1386 2950; x_wconf 80' lang='lat' dir='ltr'><strong>labore</strong></span> <span class='ocrx_word' id='word_1_171' title='bbox 1400 2888 1535 2952; x_wconf 71' lang='lat' dir='ltr'><strong>svcnr&#39;smt</strong></span> <span class='ocrx_word' id='word_1_172' title='bbox 1555 2893 1652 2954; x_wconf 83' lang='lat' dir='ltr'><strong>Guell.</strong></span> <span class='ocrx_word' id='word_1_173' title='bbox 1662 2900 1689 2958; x_wconf 83' lang='lat'><strong>3.</strong></span> <span class='ocrx_word' id='word_1_174' title='bbox 1702 2894 1787 2959; x_wconf 82' lang='lat' dir='ltr'><strong>Fabr.</strong></span> <span class='ocrx_word' id='word_1_175' title='bbox 1798 2917 1825 2956; x_wconf 81' lang='grc' dir='ltr'><strong>ι.</strong></span> <span class='ocrx_word' id='word_1_176' title='bbox 1846 2897 1926 2958; x_wconf 86' lang='lat' dir='ltr'><strong>Leid.</strong></span> <span class='ocrx_word' id='word_1_177' title='bbox 1936 2871 2001 2960; x_wconf 71' lang='lat' dir='ltr'><strong>bn.</strong></span> 
     </span>
     <span class='ocr_line' id='line_1_21' title="bbox 600 2994 1997 3081; baseline 0.006 -25"><span class='ocrx_word' id='word_1_178' title='bbox 600 2995 662 3056; x_wconf 82' lang='lat' dir='ltr'><strong>Bas.</strong></span> <span class='ocrx_word' id='word_1_179' title='bbox 676 2996 705 3068; x_wconf 75' lang='grc'><strong>4.</strong></span> <span class='ocrx_word' id='word_1_180' title='bbox 733 2995 868 3055; x_wconf 80' lang='lat' dir='ltr'><strong>laborare</strong></span> <span class='ocrx_word' id='word_1_181' title='bbox 888 3005 1081 3054; x_wconf 62' lang='lat' dir='ltr'><strong>consueuerat</strong></span> <span class='ocrx_word' id='word_1_182' title='bbox 1102 2995 1187 3053; x_wconf 82' lang='lat' dir='ltr'><strong>Rern.</strong></span> <span class='ocrx_word' id='word_1_183' title='bbox 1199 3013 1224 3052; x_wconf 84' lang='lat'><strong>1.</strong></span> <span class='ocrx_word' id='word_1_184' title='bbox 1251 2994 1354 3072; x_wconf 76' lang='lat' dir='ltr'><strong>egredi</strong></span> <span class='ocrx_word' id='word_1_185' title='bbox 1366 2995 1569 3075; x_wconf 78' lang='lat' dir='ltr'><strong>deprovincio</strong></span> <span class='ocrx_word' id='word_1_186' title='bbox 1589 2996 1673 3057; x_wconf 79' lang='lat' dir='ltr'><strong>Febr.</strong></span> <span class='ocrx_word' id='word_1_187' title='bbox 1693 3021 1718 3063; x_wconf 92' lang='grc' dir='ltr'><strong>ι.</strong></span> <span class='ocrx_word' id='word_1_188' title='bbox 1738 3001 1790 3060; x_wconf 81' lang='lat' dir='ltr'><strong>Ac.</strong></span> <span class='ocrx_word' id='word_1_189' title='bbox 1815 3001 1997 3081; x_wconf 66' lang='lat' dir='ltr'><strong>provisorem</strong></span> 
     </span>
     <span class='ocr_line' id='line_1_22' title="bbox 599 3095 1996 3180; baseline 0.007 -21"><span class='ocrx_word' id='word_1_190' title='bbox 599 3099 667 3164; x_wconf 86' lang='lat' dir='ltr'><strong>Ecc.</strong></span> <span class='ocrx_word' id='word_1_191' title='bbox 686 3099 782 3160; x_wconf 80' lang='lat' dir='ltr'><strong>Senot.</strong></span> <span class='ocrx_word' id='word_1_192' title='bbox 793 3121 821 3158; x_wconf 74' lang='grc' dir='ltr'><strong>ι.</strong></span> <span class='ocrx_word' id='word_1_193' title='bbox 842 3099 941 3159; x_wconf 86' lang='lat' dir='ltr'><strong>Heuss.</strong></span> <span class='ocrx_word' id='word_1_194' title='bbox 961 3107 1104 3177; x_wconf 67' lang='lat' dir='ltr'><strong>quantiam</strong></span> <span class='ocrx_word' id='word_1_195' title='bbox 1119 3105 1179 3158; x_wconf 73' lang='lat' dir='ltr'><strong>rest.</strong></span> <span class='ocrx_word' id='word_1_196' title='bbox 1196 3106 1217 3155; x_wconf 78' lang='lat' dir='ltr'><strong>t.</strong></span> <span class='ocrx_word' id='word_1_197' title='bbox 1239 3095 1322 3162; x_wconf 87' lang='lat' dir='ltr'><strong>Fabr.</strong></span> <span class='ocrx_word' id='word_1_198' title='bbox 1341 3097 1411 3157; x_wconf 87' lang='lat' dir='ltr'><strong>Tur.</strong></span> <span class='ocrx_word' id='word_1_199' title='bbox 1431 3117 1459 3174; x_wconf 86' lang='lat' dir='ltr'><strong>q.</strong></span> <span class='ocrx_word' id='word_1_200' title='bbox 1477 3109 1585 3180; x_wconf 79' lang='lat' dir='ltr'><strong>tempus</strong></span> <span class='ocrx_word' id='word_1_201' title='bbox 1601 3121 1636 3160; x_wconf 83' lang='grc' dir='ltr'><strong>ιτ.</strong></span> <span class='ocrx_word' id='word_1_202' title='bbox 1656 3101 1724 3162; x_wconf 81' lang='lat' dir='ltr'><strong>vin.</strong></span> <span class='ocrx_word' id='word_1_203' title='bbox 1736 3124 1762 3162; x_wconf 95' lang='grc' dir='ltr'><strong>ι.</strong></span> <span class='ocrx_word' id='word_1_204' title='bbox 1782 3101 1879 3171; x_wconf 82' lang='lat' dir='ltr'><strong>Guell.</strong></span> <span class='ocrx_word' id='word_1_205' title='bbox 1893 3128 1938 3168; x_wconf 88' lang='grc' dir='ltr'><strong>ιο.</strong></span> <span class='ocrx_word' id='word_1_206' title='bbox 1963 3109 1996 3168; x_wconf 74' lang='lat' dir='ltr'><strong>in</strong></span> 
     </span>
     <span class='ocr_line' id='line_1_23' title="bbox 600 3200 1994 3293; baseline 0.005 -29"><span class='ocrx_word' id='word_1_207' title='bbox 600 3203 721 3284; x_wconf 81' lang='lat' dir='ltr'><strong>imperio</strong></span> <span class='ocrx_word' id='word_1_208' title='bbox 740 3225 830 3284; x_wconf 79' lang='lat' dir='ltr'><strong>praep.</strong></span> <span class='ocrx_word' id='word_1_209' title='bbox 843 3224 904 3264; x_wconf 89' lang='lat' dir='ltr'><strong>om.</strong></span> <span class='ocrx_word' id='word_1_210' title='bbox 925 3203 994 3264; x_wconf 83' lang='lat' dir='ltr'><strong>Vin.</strong></span> <span class='ocrx_word' id='word_1_211' title='bbox 1013 3223 1039 3262; x_wconf 85' lang='lat'><strong>1.</strong></span> <span class='ocrx_word' id='word_1_212' title='bbox 1059 3205 1119 3264; x_wconf 88' lang='lat' dir='ltr'><strong>inc.</strong></span> <span class='ocrx_word' id='word_1_213' title='bbox 1135 3223 1160 3261; x_wconf 95' lang='grc' dir='ltr'><strong>ι.</strong></span> <span class='ocrx_word' id='word_1_214' title='bbox 1181 3206 1283 3263; x_wconf 86' lang='lat' dir='ltr'><strong>Franc.</strong></span> <span class='ocrx_word' id='word_1_215' title='bbox 1304 3200 1517 3285; x_wconf 79' lang='lat' dir='ltr'><strong>Gucll.1.3.9.</strong></span> <span class='ocrx_word' id='word_1_216' title='bbox 1533 3226 1579 3264; x_wconf 87' lang='grc' dir='ltr'><strong>ιι.</strong></span> <span class='ocrx_word' id='word_1_217' title='bbox 1608 3207 1695 3287; x_wconf 78' lang='lat' dir='ltr'><strong>pauci</strong></span> <span class='ocrx_word' id='word_1_218' title='bbox 1707 3207 1787 3267; x_wconf 87' lang='lat' dir='ltr'><strong>Leid.</strong></span> <span class='ocrx_word' id='word_1_219' title='bbox 1809 3208 1867 3268; x_wconf 86' lang='lat' dir='ltr'><strong>Pal.</strong></span> <span class='ocrx_word' id='word_1_220' title='bbox 1884 3231 1909 3276; x_wconf 85' lang='lat'><strong>1.</strong></span> <span class='ocrx_word' id='word_1_221' title='bbox 1923 3231 1951 3271; x_wconf 79' lang='lat' dir='ltr'><strong>a.</strong></span> <span class='ocrx_word' id='word_1_222' title='bbox 1967 3235 1994 3293; x_wconf 86' lang='lat'><strong>7.</strong></span> 
     </span>
     <span class='ocr_line' id='line_1_24' title="bbox 599 3305 1995 3382; baseline 0.009 -18"><span class='ocrx_word' id='word_1_223' title='bbox 599 3307 659 3372; x_wconf 83' lang='lat' dir='ltr'><strong>Erl.</strong></span> <span class='ocrx_word' id='word_1_224' title='bbox 670 3308 736 3382; x_wconf 76' lang='lat' dir='ltr'><strong>suit</strong></span> <span class='ocrx_word' id='word_1_225' title='bbox 756 3305 845 3368; x_wconf 76' lang='lat' dir='ltr'><strong>Acad.</strong></span> <span class='ocrx_word' id='word_1_226' title='bbox 861 3329 921 3367; x_wconf 89' lang='lat' dir='ltr'><strong>om.</strong></span> <span class='ocrx_word' id='word_1_227' title='bbox 942 3306 975 3366; x_wconf 85' lang='lat' dir='ltr'><strong>in</strong></span> <span class='ocrx_word' id='word_1_228' title='bbox 986 3307 1101 3369; x_wconf 80' lang='lat' dir='ltr'><strong>statutis</strong></span> <span class='ocrx_word' id='word_1_229' title='bbox 1110 3306 1215 3367; x_wconf 80' lang='lat' dir='ltr'><strong>castris</strong></span> <span class='ocrx_word' id='word_1_230' title='bbox 1236 3305 1390 3366; x_wconf 85' lang='lat' dir='ltr'><strong>deteriores</strong></span> <span class='ocrx_word' id='word_1_231' title='bbox 1403 3307 1482 3373; x_wconf 85' lang='lat' dir='ltr'><strong>libri.</strong></span> <span class='ocrx_word' id='word_1_232' title='bbox 1501 3308 1598 3370; x_wconf 81' lang='lat' dir='ltr'><strong>Guelf.</strong></span> <span class='ocrx_word' id='word_1_233' title='bbox 1613 3331 1658 3370; x_wconf 94' lang='grc' dir='ltr'><strong>ιι.</strong></span> <span class='ocrx_word' id='word_1_234' title='bbox 1679 3310 1779 3372; x_wconf 83' lang='lat' dir='ltr'><strong>Vinar.</strong></span> <span class='ocrx_word' id='word_1_235' title='bbox 1792 3334 1819 3377; x_wconf 81' lang='grc' dir='ltr'><strong>ι.</strong></span> <span class='ocrx_word' id='word_1_236' title='bbox 1838 3314 1917 3375; x_wconf 83' lang='lat' dir='ltr'><strong>Vrat.</strong></span> <span class='ocrx_word' id='word_1_237' title='bbox 1929 3335 1955 3377; x_wconf 82' lang='lat' dir='ltr'><strong>a.</strong></span> <span class='ocrx_word' id='word_1_238' title='bbox 1967 3317 1995 3377; x_wconf 80' lang='lat'><strong>3.</strong></span> 
     </span>
     <span class='ocr_line' id='line_1_25' title="bbox 599 3407 2004 3493; baseline 0.008 -24"><span class='ocrx_word' id='word_1_239' title='bbox 599 3411 694 3472; x_wconf 85' lang='lat' dir='ltr'><strong>Struv.</strong></span> <span class='ocrx_word' id='word_1_240' title='bbox 715 3411 774 3470; x_wconf 92' lang='lat' dir='ltr'><strong>inc.</strong></span> <span class='ocrx_word' id='word_1_241' title='bbox 796 3417 898 3471; x_wconf 81' lang='lat' dir='ltr'><strong>Franc.</strong></span> <span class='ocrx_word' id='word_1_242' title='bbox 920 3410 1000 3472; x_wconf 85' lang='lat' dir='ltr'><strong>Leid.</strong></span> <span class='ocrx_word' id='word_1_243' title='bbox 1010 3434 1036 3470; x_wconf 92' lang='lat' dir='ltr'><strong>a.</strong></span> <span class='ocrx_word' id='word_1_244' title='bbox 1049 3412 1079 3471; x_wconf 95' lang='lat' dir='ltr'><strong>b.</strong></span> <span class='ocrx_word' id='word_1_245' title='bbox 1092 3434 1118 3472; x_wconf 90' lang='lat' dir='ltr'><strong>c.</strong></span> <span class='ocrx_word' id='word_1_246' title='bbox 1130 3411 1160 3469; x_wconf 92' lang='lat' dir='ltr'><strong>d.</strong></span> <span class='ocrx_word' id='word_1_247' title='bbox 1175 3411 1195 3469; x_wconf 71' lang='grc' dir='ltr'><strong>Γ.</strong></span> <span class='ocrx_word' id='word_1_248' title='bbox 1205 3432 1234 3493; x_wconf 83' lang='lat' dir='ltr'><strong>g.</strong></span> <span class='ocrx_word' id='word_1_249' title='bbox 1244 3407 1275 3469; x_wconf 95' lang='lat' dir='ltr'><strong>b.</strong></span> <span class='ocrx_word' id='word_1_250' title='bbox 1287 3431 1327 3475; x_wconf 82' lang='lat' dir='ltr'><strong>m.</strong></span> <span class='ocrx_word' id='word_1_251' title='bbox 1348 3407 1465 3472; x_wconf 65' lang='lat' dir='ltr'><strong>simula</strong></span> <span class='ocrx_word' id='word_1_252' title='bbox 1475 3412 1578 3474; x_wconf 75' lang='lat' dir='ltr'><strong>castris</strong></span> <span class='ocrx_word' id='word_1_253' title='bbox 1594 3415 1681 3476; x_wconf 86' lang='lat' dir='ltr'><strong>etiam</strong></span> <span class='ocrx_word' id='word_1_254' title='bbox 1697 3418 1748 3476; x_wconf 85' lang='lat' dir='ltr'><strong>alii</strong></span> <span class='ocrx_word' id='word_1_255' title='bbox 1767 3420 1854 3478; x_wconf 85' lang='lat' dir='ltr'><strong>multi</strong></span> <span class='ocrx_word' id='word_1_256' title='bbox 1872 3419 1955 3484; x_wconf 73' lang='lat' dir='ltr'><strong>fabr.</strong></span> <span class='ocrx_word' id='word_1_257' title='bbox 1968 3439 2004 3482; x_wconf 58' lang='grc' dir='ltr'><strong>ι..</strong></span> 
     </span>
     <span class='ocr_line' id='line_1_26' title="bbox 583 3503 1993 3596; baseline 0.009 -23"><span class='ocrx_word' id='word_1_258' title='bbox 583 3503 651 3574; x_wconf 63' lang='lat' dir='ltr'><strong>bc.</strong></span> <span class='ocrx_word' id='word_1_259' title='bbox 671 3513 740 3576; x_wconf 81' lang='lat' dir='ltr'><strong>Vin.</strong></span> <span class='ocrx_word' id='word_1_260' title='bbox 755 3533 779 3576; x_wconf 91' lang='grc' dir='ltr'><strong>ι.</strong></span> <span class='ocrx_word' id='word_1_261' title='bbox 795 3513 874 3572; x_wconf 83' lang='lat' dir='ltr'><strong>Vrat.</strong></span> <span class='ocrx_word' id='word_1_262' title='bbox 888 3534 913 3572; x_wconf 92' lang='grc' dir='ltr'><strong>ι.</strong></span> <span class='ocrx_word' id='word_1_263' title='bbox 934 3513 1002 3574; x_wconf 85' lang='lat' dir='ltr'><strong>Ecc.</strong></span> <span class='ocrx_word' id='word_1_264' title='bbox 1022 3513 1105 3579; x_wconf 85' lang='lat' dir='ltr'><strong>Rern.</strong></span> <span class='ocrx_word' id='word_1_265' title='bbox 1126 3513 1223 3574; x_wconf 84' lang='lat' dir='ltr'><strong>Guels.</strong></span> <span class='ocrx_word' id='word_1_266' title='bbox 1237 3534 1264 3575; x_wconf 81' lang='grc' dir='ltr'><strong>ι.</strong></span> <span class='ocrx_word' id='word_1_267' title='bbox 1278 3535 1307 3596; x_wconf 88' lang='lat'><strong>9.</strong></span> <span class='ocrx_word' id='word_1_268' title='bbox 1322 3536 1368 3580; x_wconf 91' lang='grc' dir='ltr'><strong>ιο.</strong></span> <span class='ocrx_word' id='word_1_269' title='bbox 1388 3515 1469 3576; x_wconf 77' lang='lat' dir='ltr'><strong>[eid.</strong></span> <span class='ocrx_word' id='word_1_270' title='bbox 1484 3538 1509 3576; x_wconf 85' lang='lat' dir='ltr'><strong>e.</strong></span> <span class='ocrx_word' id='word_1_271' title='bbox 1522 3519 1541 3582; x_wconf 87' lang='lat' dir='ltr'><strong>i.</strong></span> <span class='ocrx_word' id='word_1_272' title='bbox 1554 3538 1585 3576; x_wconf 94' lang='lat' dir='ltr'><strong>n.</strong></span> <span class='ocrx_word' id='word_1_273' title='bbox 1606 3519 1665 3579; x_wconf 86' lang='lat' dir='ltr'><strong>Erl.</strong></span> <span class='ocrx_word' id='word_1_274' title='bbox 1694 3521 1805 3584; x_wconf 77' lang='lat' dir='ltr'><strong>stativis</strong></span> <span class='ocrx_word' id='word_1_275' title='bbox 1823 3523 1889 3585; x_wconf 73' lang='lat' dir='ltr'><strong>Rir.</strong></span> <span class='ocrx_word' id='word_1_276' title='bbox 1910 3523 1993 3586; x_wconf 75' lang='lat' dir='ltr'><strong>Grut-</strong></span> 
     </span>
     <span class='ocr_line' id='line_1_27' title="bbox 599 3615 1992 3698; baseline 0.01 -22"><span class='ocrx_word' id='word_1_277' title='bbox 599 3616 684 3678; x_wconf 81' lang='lat' dir='ltr'><strong>Fobr.</strong></span> <span class='ocrx_word' id='word_1_278' title='bbox 703 3638 728 3698; x_wconf 74' lang='grc' dir='ltr'><strong>ι.</strong></span> <span class='ocrx_word' id='word_1_279' title='bbox 748 3615 815 3680; x_wconf 85' lang='lat' dir='ltr'><strong>Ssn.</strong></span> <span class='ocrx_word' id='word_1_280' title='bbox 831 3616 892 3675; x_wconf 82' lang='lat' dir='ltr'><strong>Bas.</strong></span> <span class='ocrx_word' id='word_1_281' title='bbox 905 3638 930 3674; x_wconf 93' lang='grc' dir='ltr'><strong>ι.</strong></span> <span class='ocrx_word' id='word_1_282' title='bbox 951 3617 1051 3676; x_wconf 75' lang='lat' dir='ltr'><strong>Hense.</strong></span> <span class='ocrx_word' id='word_1_283' title='bbox 1073 3628 1197 3698; x_wconf 86' lang='lat' dir='ltr'><strong>quatuor</strong></span> <span class='ocrx_word' id='word_1_284' title='bbox 1210 3617 1307 3678; x_wconf 83' lang='lat' dir='ltr'><strong>Guelf.</strong></span> <span class='ocrx_word' id='word_1_285' title='bbox 1326 3617 1408 3678; x_wconf 84' lang='lat' dir='ltr'><strong>Leid.</strong></span> <span class='ocrx_word' id='word_1_286' title='bbox 1418 3622 1439 3678; x_wconf 93' lang='lat' dir='ltr'><strong>l.</strong></span> <span class='ocrx_word' id='word_1_287' title='bbox 1454 3622 1542 3680; x_wconf 87' lang='lat' dir='ltr'><strong>multi</strong></span> <span class='ocrx_word' id='word_1_288' title='bbox 1554 3621 1668 3682; x_wconf 80' lang='lat' dir='ltr'><strong>Wassii.</strong></span> <span class='ocrx_word' id='word_1_289' title='bbox 1687 3624 1781 3686; x_wconf 75' lang='lat' dir='ltr'><strong>statie.</strong></span> <span class='ocrx_word' id='word_1_290' title='bbox 1792 3625 1861 3687; x_wconf 72' lang='lat' dir='ltr'><strong>irie.</strong></span> <span class='ocrx_word' id='word_1_291' title='bbox 1872 3626 1956 3688; x_wconf 89' lang='lat' dir='ltr'><strong>Bern.</strong></span> <span class='ocrx_word' id='word_1_292' title='bbox 1967 3651 1992 3694; x_wconf 82' lang='lat'><strong>1.</strong></span> 
     </span>
     <span class='ocr_line' id='line_1_28' title="bbox 598 3719 1993 3812; baseline 0.01 -32"><span class='ocrx_word' id='word_1_293' title='bbox 598 3721 657 3802; x_wconf 80' lang='lat' dir='ltr'><strong>vig.</strong></span> <span class='ocrx_word' id='word_1_294' title='bbox 668 3719 850 3781; x_wconf 74' lang='lat' dir='ltr'><strong>drwcborttur</strong></span> <span class='ocrx_word' id='word_1_295' title='bbox 868 3721 935 3780; x_wconf 85' lang='lat' dir='ltr'><strong>Seu.</strong></span> <span class='ocrx_word' id='word_1_296' title='bbox 951 3741 976 3784; x_wconf 89' lang='grc' dir='ltr'><strong>ι.</strong></span> <span class='ocrx_word' id='word_1_297' title='bbox 998 3720 1079 3782; x_wconf 74' lang='lat' dir='ltr'><strong>Febr.</strong></span> <span class='ocrx_word' id='word_1_298' title='bbox 1091 3742 1117 3780; x_wconf 81' lang='lat' dir='ltr'><strong>a.</strong></span> <span class='ocrx_word' id='word_1_299' title='bbox 1137 3723 1197 3782; x_wconf 84' lang='lat' dir='ltr'><strong>inc.</strong></span> <span class='ocrx_word' id='word_1_300' title='bbox 1220 3725 1319 3782; x_wconf 84' lang='lat' dir='ltr'><strong>Franc.</strong></span> <span class='ocrx_word' id='word_1_301' title='bbox 1329 3723 1425 3786; x_wconf 81' lang='lat' dir='ltr'><strong>Strnr.</strong></span> <span class='ocrx_word' id='word_1_302' title='bbox 1439 3745 1480 3784; x_wconf 89' lang='lat' dir='ltr'><strong>m.</strong></span> <span class='ocrx_word' id='word_1_303' title='bbox 1488 3745 1535 3804; x_wconf 90' lang='lat' dir='ltr'><strong>pr.</strong></span> <span class='ocrx_word' id='word_1_304' title='bbox 1545 3725 1612 3786; x_wconf 77' lang='lat' dir='ltr'><strong>Ecc.</strong></span> <span class='ocrx_word' id='word_1_305' title='bbox 1626 3725 1723 3787; x_wconf 78' lang='lat' dir='ltr'><strong>Gusll&#39;.</strong></span> <span class='ocrx_word' id='word_1_306' title='bbox 1735 3733 1763 3793; x_wconf 77' lang='lat'><strong>3.</strong></span> <span class='ocrx_word' id='word_1_307' title='bbox 1774 3751 1802 3811; x_wconf 86' lang='lat'><strong>7.</strong></span> <span class='ocrx_word' id='word_1_308' title='bbox 1812 3751 1842 3812; x_wconf 83' lang='lat'><strong>9.</strong></span> <span class='ocrx_word' id='word_1_309' title='bbox 1855 3751 1901 3791; x_wconf 92' lang='grc' dir='ltr'><strong>ιι.</strong></span> <span class='ocrx_word' id='word_1_310' title='bbox 1914 3731 1993 3794; x_wconf 67' lang='lat' dir='ltr'><strong>leid.</strong></span> 
     </span>
    </p>

    <p class='ocr_par' dir='ltr' id='par_1_6' title="bbox 478 3823 1993 4323">
     <span class='ocr_line' id='line_1_29' title="bbox 478 3823 1993 3916; baseline 0.009 -32"><span class='ocrx_word' id='word_1_311' title='bbox 478 3867 480 3875; x_wconf 59' lang='grc'><strong>.</strong></span> <span class='ocrx_word' id='word_1_312' title='bbox 597 3827 620 3886; x_wconf 92' lang='lat' dir='ltr'><strong>l.</strong></span> <span class='ocrx_word' id='word_1_313' title='bbox 632 3846 672 3884; x_wconf 91' lang='lat' dir='ltr'><strong>m.</strong></span> <span class='ocrx_word' id='word_1_314' title='bbox 692 3823 780 3884; x_wconf 87' lang='lat' dir='ltr'><strong>bisin</strong></span> <span class='ocrx_word' id='word_1_315' title='bbox 793 3823 870 3884; x_wconf 85' lang='lat' dir='ltr'><strong>libro</strong></span> <span class='ocrx_word' id='word_1_316' title='bbox 881 3824 998 3906; x_wconf 77' lang='lat' dir='ltr'><strong>Popmae</strong></span> <span class='ocrx_word' id='word_1_317' title='bbox 1014 3824 1133 3886; x_wconf 83' lang='lat' dir='ltr'><strong>othid.</strong></span> <span class='ocrx_word' id='word_1_318' title='bbox 1147 3847 1175 3908; x_wconf 79' lang='lat' dir='ltr'><strong>g.</strong></span> <span class='ocrx_word' id='word_1_319' title='bbox 1198 3837 1427 3908; x_wconf 75' lang='lat' dir='ltr'><strong>preponuntur:</strong></span> <span class='ocrx_word' id='word_1_320' title='bbox 1447 3831 1498 3890; x_wconf 81' lang='lat' dir='ltr'><strong>sed</strong></span> <span class='ocrx_word' id='word_1_321' title='bbox 1518 3847 1609 3909; x_wconf 76' lang='lat' dir='ltr'><strong>nequa</strong></span> <span class='ocrx_word' id='word_1_322' title='bbox 1628 3829 1836 3894; x_wconf 63' lang='lat' dir='ltr'><strong>mantuane</strong></span> <span class='ocrx_word' id='word_1_323' title='bbox 1846 3854 1891 3897; x_wconf 80' lang='lat' dir='ltr'><strong>eo.</strong></span> <span class='ocrx_word' id='word_1_324' title='bbox 1903 3855 1993 3916; x_wconf 79' lang='lat' dir='ltr'><strong>nepos</strong></span> 
     </span>
     <span class='ocr_line' id='line_1_30' title="bbox 596 3929 1992 4016; baseline 0.008 -25"><span class='ocrx_word' id='word_1_325' title='bbox 596 3939 651 3991; x_wconf 77' lang='lat' dir='ltr'><strong>cte.</strong></span> <span class='ocrx_word' id='word_1_326' title='bbox 671 3929 733 3990; x_wconf 79' lang='lat' dir='ltr'><strong>baec</strong></span> <span class='ocrx_word' id='word_1_327' title='bbox 749 3931 819 3988; x_wconf 85' lang='lat' dir='ltr'><strong>item</strong></span> <span class='ocrx_word' id='word_1_328' title='bbox 842 3930 873 3989; x_wconf 92' lang='lat' dir='ltr'><strong>in</strong></span> <span class='ocrx_word' id='word_1_329' title='bbox 894 3929 991 3988; x_wconf 87' lang='lat' dir='ltr'><strong>Codd.</strong></span> <span class='ocrx_word' id='word_1_330' title='bbox 1016 3935 1193 3992; x_wconf 83' lang='lat' dir='ltr'><strong>Frontonem</strong></span> <span class='ocrx_word' id='word_1_331' title='bbox 1218 3932 1317 4014; x_wconf 79' lang='lat' dir='ltr'><strong>legisse</strong></span> <span class='ocrx_word' id='word_1_332' title='bbox 1335 3932 1540 3993; x_wconf 79' lang='lat' dir='ltr'><strong>animadverb&#39;t</strong></span> <span class='ocrx_word' id='word_1_333' title='bbox 1559 3933 1686 4016; x_wconf 75' lang='lat' dir='ltr'><strong>Angelus</strong></span> <span class='ocrx_word' id='word_1_334' title='bbox 1701 3936 1794 3996; x_wconf 83' lang='lat' dir='ltr'><strong>Maius</strong></span> <span class='ocrx_word' id='word_1_335' title='bbox 1806 3937 1861 3999; x_wconf 82' lang='lat' dir='ltr'><strong>Ed.</strong></span> <span class='ocrx_word' id='word_1_336' title='bbox 1879 3942 1992 4002; x_wconf 73' lang='lat' dir='ltr'><strong>Franci.</strong></span> 
     </span>
     <span class='ocr_line' id='line_1_31' title="bbox 603 4030 1993 4125; baseline 0.007 -31"><span class='ocrx_word' id='word_1_337' title='bbox 603 4033 689 4095; x_wconf 77' lang='lat'><strong>1813.</strong></span> <span class='ocrx_word' id='word_1_338' title='bbox 709 4057 740 4114; x_wconf 88' lang='lat' dir='ltr'><strong>p.</strong></span> <span class='ocrx_word' id='word_1_339' title='bbox 751 4037 819 4116; x_wconf 75' lang='lat'><strong>317.</strong></span> <span class='ocrx_word' id='word_1_340' title='bbox 840 4030 923 4092; x_wconf 77' lang='lat' dir='ltr'><strong>lituis</strong></span> <span class='ocrx_word' id='word_1_341' title='bbox 941 4031 1027 4097; x_wconf 77' lang='lat' dir='ltr'><strong>Febr.</strong></span> <span class='ocrx_word' id='word_1_342' title='bbox 1046 4032 1114 4115; x_wconf 84' lang='lat' dir='ltr'><strong>Teg.</strong></span> <span class='ocrx_word' id='word_1_343' title='bbox 1140 4032 1283 4113; x_wconf 56' lang='lat' dir='ltr'><strong>pomeri</strong></span> <span class='ocrx_word' id='word_1_344' title='bbox 1298 4053 1324 4094; x_wconf 89' lang='lat' dir='ltr'><strong>c.</strong></span> <span class='ocrx_word' id='word_1_345' title='bbox 1337 4034 1424 4113; x_wconf 77' lang='lat' dir='ltr'><strong>equit.</strong></span> <span class='ocrx_word' id='word_1_346' title='bbox 1442 4035 1539 4100; x_wconf 82' lang='lat' dir='ltr'><strong>Strur.</strong></span> <span class='ocrx_word' id='word_1_347' title='bbox 1558 4039 1643 4098; x_wconf 83' lang='lat' dir='ltr'><strong>Rem.</strong></span> <span class='ocrx_word' id='word_1_348' title='bbox 1656 4060 1681 4098; x_wconf 88' lang='lat'><strong>1.</strong></span> <span class='ocrx_word' id='word_1_349' title='bbox 1701 4038 1769 4102; x_wconf 79' lang='lat' dir='ltr'><strong>Eoc.</strong></span> <span class='ocrx_word' id='word_1_350' title='bbox 1789 4041 1887 4103; x_wconf 78' lang='lat' dir='ltr'><strong>Gueli.</strong></span> <span class='ocrx_word' id='word_1_351' title='bbox 1900 4064 1929 4125; x_wconf 87' lang='lat'><strong>9.</strong></span> <span class='ocrx_word' id='word_1_352' title='bbox 1946 4063 1993 4104; x_wconf 85' lang='grc' dir='ltr'><strong>ιο.</strong></span> 
     </span>
     <span class='ocr_line' id='line_1_32' title="bbox 597 4136 1991 4218; baseline 0.011 -22"><span class='ocrx_word' id='word_1_353' title='bbox 597 4137 657 4201; x_wconf 82' lang='grc' dir='ltr'><strong>ΕιΙ.</strong></span> <span class='ocrx_word' id='word_1_354' title='bbox 676 4139 861 4218; x_wconf 72' lang='lat' dir='ltr'><strong>vagabantur</strong></span> <span class='ocrx_word' id='word_1_355' title='bbox 872 4137 1005 4218; x_wconf 75' lang='lat' dir='ltr'><strong>polentes</strong></span> <span class='ocrx_word' id='word_1_356' title='bbox 1023 4136 1109 4196; x_wconf 84' lang='lat' dir='ltr'><strong>Bern.</strong></span> <span class='ocrx_word' id='word_1_357' title='bbox 1124 4157 1150 4196; x_wconf 93' lang='grc' dir='ltr'><strong>ι.</strong></span> <span class='ocrx_word' id='word_1_358' title='bbox 1170 4145 1314 4198; x_wconf 67' lang='lat' dir='ltr'><strong>cenantes</strong></span> <span class='ocrx_word' id='word_1_359' title='bbox 1328 4137 1443 4216; x_wconf 75' lang='lat' dir='ltr'><strong>agitare</strong></span> <span class='ocrx_word' id='word_1_360' title='bbox 1461 4138 1529 4200; x_wconf 80' lang='lat' dir='ltr'><strong>vin.</strong></span> <span class='ocrx_word' id='word_1_361' title='bbox 1540 4161 1569 4206; x_wconf 87' lang='grc' dir='ltr'><strong>ι.</strong></span> <span class='ocrx_word' id='word_1_362' title='bbox 1588 4142 1669 4205; x_wconf 79' lang='lat' dir='ltr'><strong>Vrat</strong></span> <span class='ocrx_word' id='word_1_363' title='bbox 1681 4161 1711 4203; x_wconf 78' lang='lat' dir='ltr'><strong>a.</strong></span> <span class='ocrx_word' id='word_1_364' title='bbox 1730 4143 1865 4208; x_wconf 80' lang='lat' dir='ltr'><strong>alicam.</strong></span> <span class='ocrx_word' id='word_1_365' title='bbox 1877 4146 1991 4210; x_wconf 71' lang='lat' dir='ltr'><strong>letus.</strong></span> 
     </span>
     <span class='ocr_line' id='line_1_33' title="bbox 598 4239 1676 4323; baseline 0.005 -21"><span class='ocrx_word' id='word_1_366' title='bbox 598 4239 658 4302; x_wconf 75' lang='lat' dir='ltr'><strong>Par.</strong></span> <span class='ocrx_word' id='word_1_367' title='bbox 672 4260 718 4302; x_wconf 84' lang='grc' dir='ltr'><strong>ιο.</strong></span> <span class='ocrx_word' id='word_1_368' title='bbox 737 4251 766 4302; x_wconf 79' lang='lat' dir='ltr'><strong>et</strong></span> <span class='ocrx_word' id='word_1_369' title='bbox 781 4241 905 4323; x_wconf 75' lang='lat' dir='ltr'><strong>amplius</strong></span> <span class='ocrx_word' id='word_1_370' title='bbox 923 4239 985 4302; x_wconf 80' lang='lat' dir='ltr'><strong>alio</strong></span> <span class='ocrx_word' id='word_1_371' title='bbox 1003 4239 1119 4305; x_wconf 68' lang='lat' dir='ltr'><strong>Fufio.</strong></span> <span class='ocrx_word' id='word_1_372' title='bbox 1136 4241 1237 4308; x_wconf 68' lang='lat' dir='ltr'><strong>liner.</strong></span> <span class='ocrx_word' id='word_1_373' title='bbox 1252 4259 1278 4306; x_wconf 84' lang='grc' dir='ltr'><strong>ι.</strong></span> <span class='ocrx_word' id='word_1_374' title='bbox 1300 4239 1517 4314; x_wconf 67' lang='grc' dir='ltr'><strong>(ὶιιιὶῖ.4.·Ριι1.</strong></span> <span class='ocrx_word' id='word_1_375' title='bbox 1528 4243 1597 4318; x_wconf 65' lang='grc' dir='ltr'><strong>Μ.</strong></span> <span class='ocrx_word' id='word_1_376' title='bbox 1616 4245 1676 4310; x_wconf 73' lang='lat' dir='ltr'><strong>Eri.</strong></span> 
     </span>
    </p>
   </div>
   <div class='ocr_carea' id='block_1_5' title="bbox 0 0 2295 5316">
    <p class='ocr_par' dir='ltr' id='par_1_7' title="bbox 0 0 2295 5316">
     <span class='ocr_line' id='line_1_34' title="bbox 0 0 2295 5316; baseline 0 0"><span class='ocrx_word' id='word_1_377' title='bbox 0 0 2295 5316; x_wconf 95' lang='lat' dir='ltr'><strong> </strong></span> 
     </span>
    </p>
   </div>
  </div>
 </body>
</html>
