4560 5338
563 401 613 452 ιι]

565 555 772 632 Salustium
780 556 950 634 valuerit
976 560 1058 632 lmo
1075 555 1221 634 exilitas
1236 556 1337 647 soni,
1362 582 1480 660 qttam
1499 557 1574 632 iarn
1597 557 1749 661 antiqui
1765 555 1896 634 Critici
1917 555 1960 631 in

528 761 530 766 ,
565 677 639 754 hac
655 706 791 754 vocum
814 681 1082 756 terminatione
1108 697 1318 770 notarunt,
1344 680 1565 756 Salustianae
1585 682 1766 756 orationis
1788 679 1961 785 grauitati

565 829 704 906 parum
722 819 973 880 consentanea
994 831 1068 880 esse
1089 803 1247 879 videtur.
1277 804 1349 878 Sed
1369 831 1459 880 cum
1478 802 1562 879 haec
1581 831 1637 879 res
1659 805 1708 878 sit
1733 803 1965 907 impeditior,

566 951 684 1028 quam
706 952 792 1028 quae
815 929 947 1030 paucis
968 928 1084 1031 possit
1102 926 1261 1016 absolvi,
1288 925 1335 1002 de
1351 925 1622 1032 orthographia
1642 927 1854 1000 Salustiana
1874 925 1965 999 fusi-

535 1041 536 1044 *
567 1075 612 1122 us
631 1049 671 1122 in
692 1050 972 1125 commentariis
992 1077 1110 1154 agam
1151 1053 1234 1124 Hoc
1252 1077 1378 1126 unum
1397 1051 1589 1128 monitum
1611 1051 1743 1141 velim,
1766 1049 1967 1153 superlati-

510 1183 511 1188 ’
566 1171 616 1244 vij
636 1171 780 1245 exitum
802 1173 844 1246 in
863 1199 1020 1263 saiw,
1045 1197 1160 1276 quem
1189 1176 1347 1266 retinui,
1374 1175 1415 1249 in
1447 1177 1559 1251 nullo
1583 1201 1758 1250 meorum
1788 1173 1965 1248 codicum

568 1292 659 1396 legi3
693 1321 746 1368 ne
768 1295 917 1370 Curtius
946 1296 1103 1397 quidem
1135 1298 1326 1400 ceterique
1356 1298 1529 1373 Editores
1560 1313 1767 1386 testantur,
1789 1321 1828 1370 se
1856 1297 1965 1368 istam

569 1416 877 1492 terminationem
895 1417 937 1492 in
953 1417 1068 1508 libris,
1079 1419 1161 1494 Mss.
1184 1421 1375 1496 invenisse.
1408 1421 1589 1495 Occurrit
1605 1419 1762 1520 quidem
1782 1419 1823 1490 in
1839 1417 1964 1491 Plauti

568 1539 701 1627 Codd.‚
726 1540 841 1614 etiam
858 1540 900 1614 in
920 1541 1108 1616 Vaticano
1125 1542 1317 1614 Ciceronis
1339 1539 1488 1628 Codice,
1507 1555 1623 1640 atque
1641 1539 1780 1643 passim
1804 1541 1846 1615 in
1868 1540 1967 1613 anti·

567 1660 652 1761 quis
672 1661 931 1736 monumentis
950 1686 980 1731 v.
1001 1687 1030 1732 o.
1051 1660 1093 1732 in
1109 1658 1337 1762 cenotaphio
1348 1659 1491 1735 Caiano
1514 1676 1631 1762 atque
1648 1662 1691 1736 in
1711 1661 1967 1767 inscriptioni-

567 1783 640 1856 bus
654 1782 822 1882 antiquis
836 1807 859 1854 a
879 1781 1047 1856 Grutero
1065 1779 1248 1872 collectis3
1271 1780 1337 1854 sed
1355 1779 1518 1856 Salustio
1534 1782 1652 1858 solam
1668 1782 1771 1860 hanc
1788 1785 1968 1860 termina·

570 1905 713 1978 tionem
729 1903 908 1978 usitatam
926 1903 1053 1993 fuisse,
1070 1901 1246 1978 nondum
1270 1902 1441 1978 adducor
1460 1920 1506 1978 ut
1532 1904 1693 1982 credam.
1737 1909 1835 1982 Nam
1863 1911 1969 2010 quod

413 2064 417 2077 .
443 2049 444 2052 =
569 2046 750 2126 optumus,
775 2051 983 2110 maxumus,
1003 2051 1210 2125 promarum
1226 2025 1428 2116 scribitur,
1445 2025 1535 2102 inde
1551 2055 1632 2103 non
1649 2029 1827 2120 efficitur,
1852 2037 1969 2107 imtir·

568 2177 707 2236 sumus,
731 2153 959 2235 simillomus,
979 2152 1170 2249 plurumos
1190 2171 1265 2223 esse
1281 2149 1534 2225 scribendum.
1579 2151 1651 2226 Sed
1670 2151 1740 2226 ista
1759 2153 1969 2255 antiquita-

567 2274 616 2348 tis
639 2272 791 2378 vestigia
814 2272 939 2349 delere
963 2271 1094 2377 religio
1114 2272 1206 2363 suit,
1232 2273 1321 2347 cum
1340 2286 1500 2366 certam,
1522 2298 1640 2375 quam
1664 2299 1839 2379 sequerer
1859 2302 1968 2380 regu·

571 2396 774 2488 lam,'non
796 2396 984 2473 haberem.

670 2522 730 2596 De
755 2521 976 2611 Codicibus,
1006 2547 1029 2596 a
1054 2520 1247 2624 prioribus
1268 2521 1421 2598 Salustii
1450 2520 1659 2598 editoribus
1675 2522 1847 2611 collatis,
1873 2547 1967 2624 quos

569 2643 708 2745 passim
729 2645 897 2735 laudavi,
922 2644 1054 2748 paucis
1072 2670 1189 2749 agam
1223 2646 1310 2722 Non
1336 2645 1441 2720 enim
1459 2661 1515 2720 est
1534 2645 1738 2722 consilium
1758 2669 1886 2720 omnes
1903 2645 1968 2719 Sa·

568 2765 856 2856 lustiiCodices,
882 2769 951 2868 qui
971 2766 1013 2841 in
1034 2765 1277 2841 bibliothecis
1295 2782 1548 2855 asservantur,
1571 2791 1780 2854 recensere,
1803 2767 1967 2842 sedeatis

570 2885 693 2962 habeo
710 2914 771 2970 eos
791 2888 981 2975 indicare,
1003 2913 1170 2988 quorum
1191 2887 1232 2960 in
1250 2886 1350 2961 notis
1373 2886 1607 2961 mentionem
1629 2886 1710 2962 feci.
1734 2888 1774 2985 i³)

574 3009 764 3084 Glarenno
777 3009 865 3084 Aldi
879 3024 916 3082 et
936 3009 1025 3082 Iulii
1043 3007 1164 3083 Gothi
1183 3011 1337 3083 Codices
1351 3008 1519 3084 subsidio
1538 3009 1718 3104 fuerunt3
1743 3036 1838 3113 quos
1859 3014 1982 3087 raris·

569 3131 665 3205 nme
686 3131 834 3221 laudat,
861 3157 997 3230 quare,
1012 3131 1148 3232 quanti
1168 3131 1247 3205 sint
1257 3129 1440 3221 faciendi,
1454 3131 1643 3208 incertum
1654 3149 1716 3207 est
1755 3137 1861 3210 Inter
1873 3159 1968 3238 prae·

569 3255 768 3330 stantiores
800 3255 1022 3328 referuntur
1042 3257 1140 3329 Ririi
1163 3252 1267 3338 libri,
1294 3253 1611 3357 Merseburgensis'
1636 3271 1675 3330 et
1702 3256 1967 3348 Fabricianus,

572 3402 686 3476 quem
708 3377 821 3465 dicit,
845 3377 950 3478 quod
978 3404 1000 3450 a
1031 3375 1207 3452 Fabricio
1229 3375 1308 3450 eius
1335 3375 1561 3480 inspiciendi
1583 3377 1692 3480 copia
1711 3377 1746 3452 ei
1776 3376 1875 3452 facta
1905 3395 1966 3454 est
2057 3455 2060 3461 A

611 3571 639 3648 ⁸)
660 3571 834 3631 incredibile
852 3583 895 3630 est·
908 3583 1087 3646 memoratu,
1109 3583 1218 3653 quanta
1230 3574 1267 3631 sit
1280 3572 1510 3633 Salustianorum
1529 3573 1625 3633 Codd.
1640 3574 1735 3654 copia.
1770 3572 1856 3653 Apud
1871 3576 1967 3633 solum

571 3675 817 3760 Monteialconem
826 3717 836 3748 ,
857 3675 947 3753 (Dior.
964 3674 1061 3742 Italic.
1078 3687 1108 3736 ct
1121 3677 1253 3758 Catalog.
1265 3675 1350 3754 uss.)
1371 3677 1497 3756 amplius
1511 3686 1628 3736 centum
1647 3676 1750 3757 viginti
1768 3688 1987 3736 numerantur·

570 3779 732 3841 Mediolani·
744 3777 960 3840 inbibliothcca
979 3779 1168 3840 Ambrosiam
1190 3779 1257 3839 XII.
1269 3779 1392 3840 Codices
1409 3791 1592 3852 asservantur,
1612 3779 1650 3838 de
1667 3777 1771 3858 quibus
1788 3777 1849 3836 bac
1870 3781 1908 3838 ad
1927 3785 1966 3842 V.

571 3883 612 3942 D.
627 3883 772 3944 Orellium
786 3885 944 3964 perscripta
962 3895 1049 3960 sunt,
1070 3904 1133 3964 quae
1141 3923 1152 3954 ,
1175 3904 1232 3963 qua
1249 3887 1352 3943 assolet
1363 3881 1563 3955 humanitate,
1584 3901 1702 3942 mecum
1717 3883 1966 3945 communicavits

576 3989 614 4065 r.)
636 3986 711 4046 Cod.
731 3985 892 4045 membran.
910 4008 971 4048 sac.
987 3987 1052 4046 llll.
1072 3986 1178 4046 scholis
1194 3985 1426 4046 interlinearibus
1442 3984 1609 4063 adspersus:
1628 3983 1675 4042 Dc
1688 3983 1892 4046 contemtione
1904 3985 1967 4047 Ca-

571 4090 691 4163 salinae,
714 4102 779 4150 tum
792 4093 935 4150 sectandus
955 4090 1080 4149 litarde
1099 4089 1173 4148 bello
1186 4097 1266 4167 gesto
1293 4087 1371 4146 inter
1387 4107 1454 4166 pop.
1477 4087 1563 4145 Roma
1582 4106 1619 4146 es
1636 4107 1698 4146 utto
1712 4081 1847 4167 portast
1868 4111 1964 4171 regom

572 4193 748 4275 Iugurtham
764 4195 919 4258 cantura.
941 4191 1055 4254 videtur
1073 4193 1195 4270 scriptus
1210 4193 1248 4250 in
1264 4191 1410 4270 Hispaniis
1425 4189 1476 4248 aut
1487 4188 1598 4249 Galliis.
1621 4191 1660 4270 a.)
1676 4190 1751 4252 Cod.
1765 4193 1888 4256 Membr.
1902 4215 1963 4255 saec.

571 4297 653 4358 xul.
673 4295 787 4356 duobus
803 4293 1014 4358 characteribus
1037 4304 1187 4366 examtuss
1204 4312 1330 4374 quorum
1347 4295 1420 4354 alter
1436 4311 1550 4366 mosum
1570 4297 1667 4356 seculi
1685 4315 1792 4378 nempe
1812 4297 1880 4364 XV.
1901 4293 1964 4357 Ca-
