4582 5320
1615 422 1686 504 ¹¹7

282 579 448 656 cruentis
479 577 676 666 manibus,
715 571 875 652 immani
911 576 1068 653 avaritia
1103 578 1375 654 nocentissumi
1411 575 1603 684 idemque
1621 607 1689 657 su*

281 702 525 808 perbissumi;
551 702 691 804 quibus
721 699 832 791 fides,
857 698 990 791 decus,
1010 701 1147 804 pietas,
1177 719 1367 806 postremo
1391 699 1548 778 honesta
1570 721 1687 806 atrsue

283 825 483 902 inhonesta
525 824 654 899 omnia
684 823 844 924 quaestui
877 838 975 897 sunt.
1026 827 1114 898 Pars
1143 851 1277 899 eorum
1307 825 1483 901 occidisse
1511 825 1689 902 tribunos

281 950 424 1052 plebis,
450 948 517 1022 alii
540 947 764 1048 quoestioues
784 945 962 1036 iniustas,
987 946 1162 1050 plerique
1195 947 1335 1022 coedem
1370 949 1412 1022 in
1441 975 1503 1022 vos
1538 949 1708 1040 fecisse.

281 1095 352 1174 pro
376 1072 617 1172 munimento
646 1067 799 1144 habent
849 1071 906 1142 Ita
930 1095 1049 1170 quam
1070 1070 1242 1172 ¹quisque
1275 1097 1445 1173 pessume
1470 1071 1580 1161 fecit,
1609 1089 1688 1146 tam

281 1221 459 1269 maxume
493 1208 597 1267 tutus
627 1207 701 1280 est,
736 1206 882 1265 metum
913 1217 935 1264 a
966 1191 1103 1267 scelere
1131 1219 1199 1267 suo
1231 1192 1280 1266 ad
1309 1193 1499 1296 ignaviam
1525 1209 1688 1268 vestram

285 1317 530 1392 transtulere:
554 1340 649 1418 quos
664 1313 787 1389 omnis
810 1313 942 1389 eadem
961 1340 1121 1417 cupere,
1146 1316 1278 1390 eadem
1305 1317 1441 1407 odisse,
1466 1317 1598 1392 eadem
1611 1343 1688 1392 me-

284 1457 388 1514 tuere
412 1440 452 1512 in
477 1465 604 1513 unum
628 1437 769 1539 coegit;
794 1437 859 1512 sed
885 1435 966 1512 haec
991 1436 1093 1511 inter
1114 1439 1235 1513 bonos
1261 1439 1438 1528 amicitia,
1484 1439 1584 1514 inter
1609 1466 1690 1513 ma·

219 1611 222 1618 »
283 1563 337 1637 los
363 1561 478 1637 factio
500 1577 562 1635 est.
611 1559 727 1655 Quod
742 1558 772 1632 si
796 1574 874 1632 tam
890 1583 953 1632 vos
970 1559 1156 1634 libertatis
1179 1587 1312 1636 curam
1337 1559 1543 1651 haberetis,
1570 1587 1688 1664 quam

283 1685 340 1759 illi
368 1685 417 1760 ad
441 1682 743 1758 dominationem
769 1681 915 1755 accensi
943 1697 1055 1772 sunt3
1092 1681 1263 1785 profecto
1294 1711 1419 1786 neque
1451 1684 1690 1787 respublica,

282 1807 394 1882 sicuti
415 1833 545 1898 nunc,
578 1819 789 1880 vastaretur
798 1837 808 1896 3
832 1819 870 1878 et
892 1803 1076 1898 beneficia
1101 1822 1222 1880 vestra
1249 1833 1363 1909 penes
1387 1822 1582 1912 optumos,
1608 1833 1691 1883 non

282 1931 587 2018 audacissumos,
612 1928 748 2002 forent
799 1927 962 2001 Maiores
984 1927 1114 2016 vestri,
1129 1928 1294 2030 parandi
1315 1929 1407 2003 iuris
1428 1946 1466 2003 et
1487 1929 1690 2014 maiestatis

283 2051 556 2130 constituenda
578 2051 716 2155 gratia,
742 2048 799 2122 bis
825 2077 895 2153 per
924 2051 1167 2124 secessionem
1199 2051 1336 2124 armati
1365 2052 1599 2126 Aventinum
1629 2078 1690 2126 oc-

284 2201 489 2279 cupavere:
513 2199 576 2250 ros
592 2199 662 2276 pro
678 2172 871 2260 libertate,
892 2198 1010 2273 quam
1030 2173 1078 2245 ab
1098 2171 1174 2246 illis
1193 2173 1404 2276 accepistis,
1431 2201 1562 2251 nonne
1587 2200 1690 2249 sum·

283 2326 344 2373 ma
363 2324 435 2402 ope
456 2296 658 2372 nitemini?
681 2311 796 2396 atque
814 2321 858 2368 eo
876 2292 1154 2383 vehementius,
1181 2320 1260 2396 quo
1282 2295 1406 2369 maius
1430 2295 1592 2372 dedecus
1615 2313 1689 2387 est,

284 2439 392 2526 parta
443 2420 614 2495 amittere
661 2443 778 2520 quam
816 2417 978 2490 omnino
1011 2443 1091 2491 non
1128 2416 1323 2520 paravisse.
1373 2418 1487 2493 Dicet
1522 2419 1689 2522 aliquis:

284 2545 379 2648 quid
403 2543 521 2648 igitur
540 2543 686 2618 censes?
701 2537 990 2614 ¹vindicandum
1010 2537 1145 2626 ineos,
1163 2536 1346 2639 quibosti
1366 2540 1568 2642 prodidere
1590 2567 1686 2616 iem·

282 2773 344 2812 om.
358 2751 456 2811 Guell'.
477 2768 603 2830 1.9.12.
623 2746 766 2809 servicem
777 2742 943 2817 comparati
962 2745 1020 2804 inc.
1035 2763 1061 2808 2.
1082 2721 1186 2807 Franc.
1207 2741 1303 2806 Guell.
1317 2763 1344 2801 2.
1374 2743 1456 2804 Leid.
1470 2765 1496 2803 c.
1511 2765 1551 2803 m.
1583 2745 1689 2805 servire

280 2855 380 2936 parati
398 2855 482 2914 Rem.
495 2873 520 2911 1.
540 2851 638 2910 Guell.
654 2871 699 2909 ιι.
720 2847 840 2911 vrato.
860 2847 949 2908 sevire
963 2845 1066 2928 parati
1085 2847 1153 2908 Vin.
1170 2868 1195 2905 ι.
1216 2845 1338 2928 imperia
1354 2844 1463 2906 iniusto
1481 2847 1567 2908 Fabr.
1584 2859 1612 2908 ct
1627 2848 1688 2910 duo

282 2955 377 3023 Guell.
398 2959 467 3038 imp.
482 2959 562 3020 dom.
578 2955 686 3014 iniusta
706 2953 791 3012 Rern.
807 2975 831 3014 ι,
853 2952 886 3011 in
897 2952 1018 3033 imperio
1030 2951 1096 3010 noti
1113 2955 1201 3032 longe
1221 2951 1343 3032 plurimi
1367 2949 1464 3010 Codd.
1486 2971 1608 3033 praepos.
1626 2973 1687 3012 om.

282 3063 400 3128 Merseb.
421 3063 486 3122 niv.
507 3059 622 3120 Gruter.
643 3060 730 3140 pauci
743 3055 836 3116 Cottii
851 3067 879 3116 et
894 3057 1018 3116 blanntii
1036 3053 1113 3114 libri.
1133 3054 1213 3120 Leid.
1228 3076 1256 3114 a.
1267 3054 1298 3113 b.
1312 3075 1341 3116 c.
1356 3056 1376 3113 l.
1391 3053 1423 3115 b.
1439 3057 1459 3115 i.
1473 3077 1513 3120 m.
1529 3077 1560 3116 n.
1572 3055 1689 3116 elidem

282 3171 391 3249 superb.
412 3163 508 3225 Gucll.
521 3186 548 3232 2.
568 3165 638 3224 vin.
657 3163 724 3222 Seu.
740 3183 766 3226 1.
791 3161 870 3220 Lsid.
883 3160 913 3219 b.
923 3163 944 3225 l.
957 3181 982 3220 c.
996 3161 1016 3219 s.
1038 3160 1096 3219 inc.
1112 3179 1139 3218 2.
1161 3164 1262 3220 Franc.
1282 3159 1362 3218 Vrat.
1379 3179 1405 3224 2.
1433 3160 1524 3223 Murk.
1535 3173 1564 3224 Γ.
1587 3159 1687 3224 Pomb.

282 3274 361 3333 idem
376 3273 436 3331 tine
455 3274 561 3350 copula
582 3268 648 3326 Ecc.
669 3266 747 3325 idem
767 3285 869 3324 ornnes
887 3266 944 3323 lero
957 3263 1023 3322 libri
1039 3263 1226 3322 confirmant.
1255 3263 1429 3322 transtulere
1449 3273 1576 3323 vestram
1602 3263 1687 3332 Fabr.

282 3377 352 3438 Tur.
364 3376 449 3436 omIc.
459 3383 499 3434 est
510 3372 588 3430 inter
595 3369 788 3447 niolosfactio
796 3367 866 3427 Fab.
878 3387 903 3431 2.
920 3367 1037 3445 quodsi
1046 3375 1107 3424 tam
1119 3385 1176 3424 ros.
1186 3387 1233 3426 vos
1242 3375 1356 3426 {numm
1366 3365 1463 3431 Guell.
1472 3390 1499 3448 7.
1510 3367 1650 3428 Pabsen.
1662 3389 1689 3430 2.

283 3482 381 3541 lleuss.
398 3480 466 3560 Teg.
484 3475 621 3536 itredidit
631 3474 741 3532 Carrio.
751 3493 868 3535 vosom.
878 3470 976 3530 Guell.
992 3493 1017 3534 ι.
1035 3471 1063 3540 4.
1083 3471 1180 3530 Strur.
1201 3469 1285 3530 Rem.
1300 3472 1367 3530 1.in
1384 3471 1448 3530 aliis
1459 3474 1558 3530 locum
1586 3483 1690 3532 mutat.

285 3595 400 3644 ramum
412 3603 459 3644 vos
470 3626 478 3640 .
489 3625 514 3640 ..
530 3589 672 3658 quantum
691 3578 792 3646 ΒΜ.
813 3574 1047 3634 dorninntionem
1062 3573 1255 3634 venustus.
1277 3573 1377 3639 lleuss.
1390 3575 1484 3635 vostri
1493 3575 1692 3640 Bern.3.ma-

284 3690 359 3750 iores
375 3686 470 3748 nostri
495 3684 591 3744 Gusll.
609 3705 639 3763 9.
655 3703 700 3741 ro.
731 3681 817 3740 Fabr.
835 3691 863 3738 ct
879 3681 928 3738 alii
945 3678 1065 3759 quidam
1083 3677 1187 3736 Cortii.
1200 3677 1281 3737 Leid.
1295 3677 1430 3743 b.d.l.k.
1446 3678 1549 3740 Arent.
1562 3690 1691 3740 montem

285 3793 369 3854 Fabr.
390 3792 458 3855 vin.
473 3810 500 3850 2.
512 3789 562 3850 dc.
577 3787 661 3846 Rem.
675 3806 702 3846 2.
721 3785 791 3867 Teg.
809 3781 1046 3854 Bas.l.Bcrn.1.
1067 3781 1136 3842 Tur.
1148 3781 1243 3843 Sbuv.
1265 3780 1369 3841 Franc.
1391 3783 1450 3841 inc.
1462 3801 1489 3846 2.
1510 3781 1577 3840 Ecc.
1593 3780 1690 3842 Guell.

288 3921 316 3980 7.
330 3919 358 3978 9.
373 3916 421 3955 ro.
438 3916 484 3958 ιι.
496 3892 615 3954 Leid.o.
628 3891 658 3950 d.
670 3912 695 3950 e.
707 3887 770 3953 th.
782 3889 801 3947 i.
814 3887 883 3974 lun.
902 3884 1099 3946 Adsenlinnm
1112 3883 1173 3943 Bas.
1187 3905 1211 3944 1.
1234 3883 1319 3943 Rern.
1332 3885 1361 3944 5.
1381 3882 1467 3942 sedis
1482 3881 1558 3944 Ado.
1584 3903 1629 3944 oc.
1650 3906 1690 3946 m.

289 4021 349 4061 non
362 4019 476 4062 summo
495 3995 609 4060 Fabm
631 3993 725 4074 magis
735 3993 814 4056 Leid.
829 3991 860 4050 b.
872 3989 967 4050 dtk.
989 3989 1058 4072 Teg.
1083 3989 1167 4052 Paris.
1183 3989 1213 4046 d.
1226 4009 1251 4052 c.
1272 3989 1351 4066 quod
1370 3986 1473 4046 maius.
1489 3989 1567 4064 quod
1580 3987 1646 4046 Sen.
1665 4009 1690 4056 ι,

286 4107 379 4166 Struv.
394 4105 452 4167 inc.
466 4121 492 4161 2.
514 4101 598 4163 nem
614 4119 638 4157 1.
660 4097 757 4161 Guell.
770 4117 799 4176 9.
823 4097 908 4154 Paris.
927 4092 957 4152 b.
974 4114 1000 4158 e.
1021 4092 1161 4171 quoniam
1177 4091 1227 4152 dc.
1238 4091 1341 4150 Frons.
1352 4099 1460 4170 parato
1475 4089 1571 4150 amitt.
1592 4089 1689 4152 Guelf·

289 4209 358 4292 3-9.
377 4210 486 4271 Vina.
506 4203 592 4269 Faba.
606 4223 632 4266 2.
655 4222 750 4288 mpr.
770 4200 923 4284 leideg.
954 4199 1086 4260 omrem
1110 4197 1179 4261 vin.
1194 4215 1219 4256 ι.
1240 4192 1352 4254 Fabric-
1366 4212 1394 4254 2.
1415 4193 1482 4256 Son.
1499 4213 1523 4254 1.
1546 4191 1642 4256 Gucll.
1663 4217 1690 4260 a.
