4542 5318
1587 408 1658 501 245

254 605 378 684 neque
397 583 554 660 decretis
573 585 687 662 labos.
725 585 838 662 Maloe
856 587 1108 691 secundaeque
1127 613 1206 680 res,
1227 613 1336 692 opes,
1359 614 1439 664 non
1459 587 1658 692 ingenium

254 703 351 778 mihi
372 709 585 784 mutabant
606 715 677 814 'At
698 725 832 786 contra
856 709 898 786 in
923 709 983 787 his
1004 711 1163 787 miseriis
1185 727 1324 787 cuncta
1344 738 1407 784 me
1426 737 1516 784 cum
1535 709 1660 784 fortu-

253 853 303 901 na
326 828 528 907 deseruere.
554 835 735 910 Praeterea
759 849 954 926 senectus,
977 861 1046 939 per
1065 861 1103 910 se
1126 835 1268 938 gravis,
1294 859 1427 908 curam
1459 833 1660 935 duplicat:
1722 831 1724 835 ’

254 949 316 1023 cui
334 951 486 1044 misero,
509 971 658 1030 senecta
684 955 762 1031 iam
779 963 909 1046 aetate,
928 983 978 1032 ne
998 973 1160 1033 mortem
1186 956 1344 1058 quidem
1361 955 1561 1029 honestam
1577 981 1660 1058 spe-

254 1099 339 1148 rare
359 1073 455 1150 licet
493 1078 609 1168 Nam,
628 1080 659 1154 si
684 1079 876 1184 parricida
899 1079 1011 1155 vestri
1036 1105 1142 1168 sum,
1167 1079 1284 1154 ethis
1306 1078 1456 1183 genitus
1479 1075 1544 1151 hic
1571 1078 1661 1154 deos

255 1188 408 1273 Penates
433 1226 533 1276 meos
551 1211 570 1291 ,'
587 1203 853 1304 patriumque,
877 1218 916 1277 et
940 1227 1135 1280 summum
1159 1201 1365 1304 imperium
1387 1201 1477 1274 vilia
1505 1199 1661 1274 habeo:

254 1320 340 1420 quis
356 1321 452 1398 mihi
470 1323 555 1402 vivo
579 1326 769 1401 cruciatus
789 1325 877 1400 satis
898 1340 974 1414 est,
998 1341 1066 1400 aut
1083 1349 1170 1428 quae
1191 1351 1308 1428 poena
1325 1341 1477 1400 mortuo
1492 1327 1514 1419 l,
1536 1349 1659 1426 quum

255 1445 382 1518 omnia
407 1465 614 1524 memorata
640 1449 744 1552 apud
770 1449 909 1523 inferos
927 1449 1115 1552 supplicia
1135 1448 1273 1523 scelere
1295 1473 1381 1524 meo
1403 1447 1505 1522 vici.'
1527 1452 1560 1521 A
1581 1445 1664 1550 pri-

255 1593 316 1640 ma
345 1567 601 1645 adulescentia
637 1571 679 1648 in
702 1599 766 1647 ore
793 1589 914 1648 vestro
941 1573 1111 1676 privatus
1130 1587 1168 1648 et
1194 1573 1235 1644 in
1262 1569 1541 1678 magistratibus
1569 1569 1627 1672 egi
1652 1599 1663 1642 s

255 1690 322 1792 qui
340 1689 491 1795 lingua,
517 1691 585 1795 qui
603 1694 762 1770 consilio
777 1722 882 1786 meo,
905 1696 973 1797 qui
993 1696 1158 1800 pecunia
1185 1693 1359 1784 voluere,
1383 1694 1440 1767 usi
1458 1709 1566 1766 sunt:
1592 1715 1660 1768 ne·

254 1839 331 1914 que
349 1839 416 1918 ego
435 1815 616 1891 callidam
635 1816 858 1894 facundiam
878 1845 1004 1922 neque
1027 1817 1226 1924 ingenium
1245 1817 1296 1894 ad
1316 1815 1659 1891 malefaciendum
1698 1845 1703 1852 ·
1727 1851 1729 1858 v

254 1937 403 2012 exercui
428 1973 436 2012 :
465 1939 712 2016 avidissumus
730 1942 888 2046 privatae
909 1941 1039 2045 gratiae
1055 1965 1252 2016 maxumas
1274 1939 1494 2015 inimicitias
1510 1965 1580 2040 pro
1601 1965 1660 2014 re·

253 2059 410 2162 publica
430 2063 605 2167 suscepi:
633 2064 718 2166 quis
740 2065 861 2141 victus
874 2091 965 2140 oum
990 2065 1057 2139 illa
1079 2063 1217 2156 simul,
1244 2064 1501 2168 quum⁵egens
1525 2063 1660 2138 alienae

256 2183 336 2286 opis
347 2193 363 2274 ,’
381 2185 495 2288 plura
521 2186 622 2262 mala
649 2203 926 2290 exspectarem
965 2211 1054 2275 vos,
1079 2186 1271 2286 Quirites,
1299 2212 1428 2261 rursus
1464 2183 1559 2257 mihi
1592 2211 1660 2286 pa-

254 2305 368 2380 triam
387 2305 551 2419 deosque
564 2312 738 2398 Penates,
762 2337 852 2385 cum
868 2309 1015 2410 ingenti
1034 2307 1220 2413 dignitate
1234 2307 1395 2384 dedistis.
1431 2313 1503 2384 Pro
1518 2308 1663 2409 quibus

255 2427 447 2504 beneficiis
463 2429 527 2509 vix
539 2430 628 2504 satis
641 2447 769 2534 gratus
786 2429 932 2518 videar,
947 2431 978 2502 si
992 2429 1151 2532 singulis
1164 2431 1352 2522 animam,
1366 2459 1484 2533 quarn
1500 2457 1659 2532 nequeo,

255 2551 507 2628 concesserim.
540 2555 639 2636 Nam
650 2553 726 2630 vitu
744 2569 783 2629 et
794 2577 896 2634 mors
908 2552 992 2625 iura
1010 2565 1159 2624 naturae
1176 2567 1287 2625 sunt:
1304 2555 1363 2627 uti
1380 2554 1462 2634 sinc
1477 2552 1664 2627 dedecore

256 2701 343 2749 cum
360 2675 525 2766 civibus,
543 2675 646 2751 fama
658 2691 696 2752 et
708 2675 873 2752 fortunis
891 2675 1036 2778 integer
1053 2656 1154 2778 agas,
1167 2673 1208 2748 id
1223 2673 1326 2749 dono
1339 2673 1454 2778 datpr
1466 2689 1582 2774 atcpie
1599 2697 1664 2747 ac·

257 2797 407 2900 cipitur.
434 2797 614 2875 Consules
625 2824 694 2876 nos
706 2796 857 2887 fecistis,
870 2796 1049 2895 Quirites,
1062 2797 1167 2872 domi
1181 2796 1350 2900 bellique
1360 2796 1661 2904 impeditissuma
1701 2843 1709 2855 ·
1747 2813 1750 2820 ⁴

257 2919 461 3022 republica.
488 2921 662 3028 Namque
677 2921 920 3026 imperatores
932 2921 1127 3025 Hispaniae
1143 2921 1396 3024 stipendium,
1420 2919 1576 3009 milites,
1599 2945 1661 2992 ar-

256 3067 337 3133 ma,
355 3041 595 3118 frumentum
607 3062 786 3146 poscuut3
798 3061 836 3121 et
849 3045 891 3121 id
907 3071 964 3121 res
978 3043 1096 3149 cogit;
1117 3042 1303 3147 quoniam
1316 3041 1526 3118 defectione
1543 3041 1661 3116 socio-

256 3189 345 3240 rum
358 3181 397 3240 et
408 3164 561 3239 Sertorii
576 3192 645 3269 per
656 3185 803 3244 montes
818 3168 920 3273 luga,
937 3195 1062 3270 neque
1077 3193 1198 3242 manu
1211 3183 1354 3242 certare
1363 3181 1660 3268 possuntneque

255 3287 366 3362 utilia
377 3313 520 3390 parare.
535 3289 731 3366 Exercitus
743 3290 784 3368 iu
796 3291 881 3364 Asia
895 3290 1105 3391 Ciliciaque
1116 3289 1165 3364 ob
1177 3287 1314 3363 nimias
1327 3314 1415 3391 opes
1424 3286 1659 3362 Mithridatis

256 3411 433 3486 aluntur:
453 3410 677 3486 Macedonia
691 3411 804 3516 plena
817 3411 985 3486 hostium
996 3429 1065 3486 est:
1087 3438 1158 3486 nec
1174 3411 1301 3486 minus
1312 3392 1434 3486 Italiae
1447 3410 1653 3486 marituma

253 3550 292 3610 et
303 3534 605 3638 provinciarum:
618 3561 740 3637 quum
754 3534 909 3614 iuterim
921 3533 1116 3638 vectigalia
1127 3559 1244 3637 parva
1256 3549 1295 3610 et
1305 3534 1416 3610 bellis
1429 3533 1587 3622 incerta,
1598 3534 1661 3610 vix

255 3713 328 3775 Asu.
341 3713 358 3772 5
366 3755 376 3788 ,
392 3713 465 3788 5²43
488 3715 523 3790 6,
537 3715 604 3795 569.
613 3745 655 3761 -
664 3714 693 3786 d.
705 3712 740 3774 G.
752 3719 797 3776 Fr.
814 3689 1012 3776 citiuslraeccx
1027 3713 1102 3774 libro
1115 3735 1141 3773 ι.
1152 3713 1318 3780 laudantur,
1327 3747 1369 3761 ·-
1391 3714 1418 3774 5.
1428 3713 1507 3771 Don.
1519 3711 1556 3770 ad
1565 3709 1661 3770 Andr.

257 3837 292 3894 ι,
313 3838 344 3894 a,
367 3820 414 3878 28.
434 3851 476 3865 -
497 3819 527 3884 6.
546 3819 667 3878 Sueton.
680 3817 716 3878 de
731 3819 815 3880 claris
833 3819 966 3883 Granum.
985 3841 1050 3900 cap.
1067 3839 1112 3878 ιο.
1131 3850 1173 3866 -
1200 3841 1228 3901 7.
1249 3818 1354 3882 Isidos.
1369 3837 1422 3890 n,
1439 3835 1465 3874 1.
1485 3813 1564 3876 serv.
1585 3813 1659 3872 Aen.
1692 3871 1699 3884 ,

259 3943 292 3997 a,
310 3943 356 4004 ¹9·
376 3953 418 3970 -
437 3922 467 3985 8.
478 3920 591 3984 Charis.
604 3945 636 4004 p.
653 3943 720 4008 ¹77·
734 3957 775 3972 -·
795 3946 827 4006 9.
845 3925 930 3991 Prisc.
949 3924 1002 4000 sd,
1019 3929 1055 3999 3,
1071 3925 1194 4006 59s-
1218 3944 1264 3982 ιο.
1284 3922 1385 3980 Seuer.
1400 3917 1454 3998 Ep.
1471 3919 1587 3987 ud.-
1611 3938 1660 3978 ιι.

255 4025 386 4091 Donati
403 4023 496 4084 Andr.
513 4045 547 4100 1,
570 4045 604 4102 ι,
627 4025 677 4099 34.
700 4061 742 4076 -
765 4048 812 4092 ιι.
831 4027 910 4090 Dou.
926 4027 966 4088 ad
978 4025 1115 4088 Eunuch.
1130 4029 1214 4101 Μ,
1236 4027 1265 4090 8.
1285 4057 1327 4072 -
1351 4021 1548 4096 13.Isid.18,
1568 4043 1595 4086 a.
1616 4055 1658 4074 -

258 4130 306 4202 tl.
325 4131 432 4212 Seneca
443 4127 498 4208 Ep.
517 4131 584 4200 aad.
603 4161 644 4176 -
667 4131 713 4190 ι5.
733 4129 873 4211 lsid.19,
897 4132 946 4202 ad.
966 4129 1068 4190 Schol.
1082 4131 1121 4188 ad
1141 4131 1271 4192 luserat.
1295 4129 1334 4200 6,
1355 4129 1424 4196 doc.
1445 4159 1486 4174 -
1510 4126 1555 4184 ι6.
1577 4125 1656 4192 Serv.

256 4234 329 4296 Aen.
342 4234 376 4308 d,
392 4251 460 4314 ²7¹·
479 4224 520 4278 .'..
551 4253 595 4312 ¹7·
611 4233 777 4313 militiisque
790 4234 883 4296 Votis.
904 4253 959 4313 que
974 4253 1036 4296 orn.
1054 4236 1151 4294 ceteri.
1172 4233 1205 4292 in
1222 4231 1285 4312 quus
1303 4229 1436 4292 omnious
1455 4231 1549 4294 Vatic.
1570 4229 1657 4310 tnqzu

257 4339 304 4398 his
325 4338 422 4403 ceteri.
442 4355 593 4414 uunquam
613 4337 927 4403 emunctuosis.
955 4346 1070 4400 senemr
1090 4337 1151 4398 iam
1168 4346 1254 4422 mate
1277 4334 1320 4400 sic
1343 4335 1445 4396 canto
1466 4335 1633 4400 emendavit
1645 4357 1661 4426 ςΙ
