4582 5320
1541 375 1610 454 125

182 579 310 662 .gere,
332 579 503 659 aggerem
521 553 661 641 iacere,
682 551 855 656 aliaque,
879 575 965 656 quae
986 548 1138 657 incepto
1155 551 1243 628 usui
1264 550 1406 644 forent,
1430 578 1610 659 propera·

180 705 250 756 re.
297 681 350 754 lt
369 675 577 780 Iugurtha,
594 675 746 781 cognita
762 675 930 754 vanitate
943 691 1058 780 atque
1075 677 1267 780 imperitia
1286 677 1418 783 legati,
1450 677 1610 755 subdole
1620 686 1662 749 38

198 803 279 880 eius
299 827 436 906 erigere
456 800 663 879 amentiam
683 833 692 874 :
715 800 899 876 missitare
916 800 1173 905 supplicantis
1187 800 1325 904 legatos
1345 835 1353 874 :
1383 801 1484 904 ipse,
1509 825 1605 906 qua-

179 927 230 1002 ‘si
259 923 492 1002 vitabundus
519 951 587 1028 per
611 924 775 1000 saltuosa
807 922 890 999 loca
931 939 970 999 et
1005 925 1173 1000 tramites
1201 925 1409 1000 exercitum
1441 925 1609 1008 ductare.

200 1050 380 1152 Denique
398 1048 543 1155 Aulum
563 1075 629 1152 spe
653 1046 841 1152 pactionis
863 1048 1054 1152 perpulit,
1080 1049 1157 1137 uti,
1193 1048 1325 1122 relicto
1351 1047 1536 1138 Suthule,
1564 1049 1608 1146 in

200 1169 348 1248 abditas
367 1173 534 1277 regiones
555 1197 652 1261 sese,
673 1170 793 1247 veluti
816 1171 1032 1260 cedentem,
1057 1171 1336 1273 insequeretur3
1363 1172 1445 1270 (ita
1466 1172 1606 1248 delicta

199 1297 406 1373 occultiora
430 1295 573 1394 fuere.)
616 1298 765 1371 Interea
793 1321 863 1400 per
878 1293 1051 1372 homines
1072 1294 1229 1384 'callidos
1248 1296 1310 1371 die
1333 1313 1529 1397 noctuque
1544 1323 1607 1372 ex-

126 1519 129 1526 ·
200 1421 364 1497 ercitum
387 1419 619 1524 temptabat:
645 1418 885 1497 centuriones
905 1417 1095 1523 ducoeque
1126 1435 1361 1511 turmarum,
1389 1421 1531 1525 partim
1546 1418 1606 1495 uti

201 1544 501 1649 transbrgerent,
524 1568 786 1647 corrumpere3
810 1544 877 1618 alii
901 1544 1013 1648 signo-
1028 1544 1118 1618 dato
1141 1544 1271 1620 locum
1295 1544 1357 1620 uti
1383 1544 1611 1620 desererent.-

199 1669 297 1767 Quas
309 1684 511 1773 postquam
524 1693 570 1744 ex
583 1667 771 1744 sententia
783 1665 956 1757 instruit,
970 1667 1193 1771 intempesta
1208 1682 1319 1742 nocte
1337 1666 1385 1743 de
1401 1665 1605 1769 improviso

197 1791 450 1868 multitudine
466 1790 723 1866 Numidarum
738 1790 829 1865 Auli
850 1804 969 1866 eastra
995 1790 1258 1866 circumvenit.
1303 1789 1444 1866 Milites
1467 1792 1605 1864 Roma·

194 1916 265 2006 ni,
285 1915 450 2020 perctdsi
481 1915 653 1990 tumultu
680 1915 853 2004 insolito,
878 1941 985 1990 arma
1012 1941 1147 2019 capere
1177 1914 1265 2003 alii,
1288 1913 1360 1988 alii
1383 1939 1422 1990 se
1444 1912 1609 2012 abdere,

193 2043 295 2143 pars}
306 2039 454 2116 territos
483 2038 730 2133 confirmare3
755 2038 945 2144 trepidare
970 2029 1150 2112 omnibus
1170 2037 1262 2112 locis
1274 2067 1288 2108 ε.
1306 2036 1362 2112 vis
1378 2063 1516 2142 magna
1533 2036 1606 2138 ho·

194 2164 340 2254 stium,
358 2163 502 2240 coelum
528 2178 641 2239 nocte
670 2179 786 2266 atque
803 2161 974 2236 nubibus
999 2162 1245 2236 obscuratum
1257 2192 1268 2253 ;
1291 2160 1511 2262 periculum
1536 2185 1606 2236 an·

194 2312 300 2384 ceps:
325 2303 513 2391 post-remo
553 2285 683 2392 fugere
716 2312 767 2360 an
800 2309 956 2360 manem
986 2283 1105 2359 tutius
1132 2283 1243 2372 soret,
1269 2282 1311 2356 in
1335 2283 1481 2359 incerto
1513 2300 1610 2361 erat..

195 2411 270 2486 Sed
288 2438 335 2486 ex
354 2437 399 2487 eo
419 2437 602 2500 numero,
623 2434 724 2513 quos·
744 2407 876 2511 paullo
910 2422 999 2483 ante
1026 2422 1224 2511 corruptos
1249 2404 1442 2498 diximus,
1470 2406 1605 2484 cohors

195 2561 274 2608 una
302 2534 488 2638 Ligurum
514 2561 604 2608 cum
639 2531 789 2608 duabus
823 2530 959 2607 turmis
984 2527 1184 2606 Thr-acum»
1203 2543 1242 2603 et
1262 2531 1394 2630 paucis
1426 2531 1603 2634 gregariis
1703 2629 1710 2636 .

193 2658 388 2734 militibus
415 2658 595 2760 transiere
622 2656 672 2732 ad
698 2681 840 2761 regem:
865 2669 904 2729 et
920 2651 1094 2728 centurio
1110 2651 1230 2754 primi
1248 2651 1325 2754 pili.
1347 2651 1465 2726 tertiae
1484 2652 1600 2754 legio-

194 2781 253 2857 nis
277 2795 346 2886 per
367 2782 643 2870 munitionem,
668 2805 786 2881 quam
811 2776 870 2852 uti
895 2772 1119 2852 defenderet
1141 2777 1355 2876 acceperat,
1381 2772 1509 2848 locum
1529 2771 1607 2850 bo·-

192 2905 316 2982 stibus
335 2904 558 2981 introeundi
588 2902 717 2979 dedit:
747 2909 867 3006 eaque
884 2897 1068 2976 Numidae
1085 2896 1219 2972 cuncti
1243 2897 1423 3002 irrupere.
1473 2897 1603 2973 Nostri-

233 3112 307 3195 Cap.
320 3111 368 3173 38.
388 3111 507 3172 subdote
524 3109 593 3172 vin.
614 3109 682 3168 Sen.
700 3129 725 3168 ι.
745 3105 807 3166 Bas.
821 3127 847 3166 1.
859 3104 889 3178 l.
910 3123 979 3167 oum
994 3101 1086 3164 tribus
1099 3103 1162 3162 aliis
1171 3100 1250 3163 Cort
1264 3100 1344 3161 leid.
1356 3123 1395 3166 m.
1417 3101 1530 3182 aliquot
1538 3101 1598 3166 Pal.

188 3217 258 3301 Teg.
280 3219 367 3280 Paris.
376 3215 406 3276 b.
417 3239 444 3277 e.
455 3216 485 3280 d.
499 3237 525 3276 e.
544 3214 615 3275 Tur.
628 3213 713 3280 Bern.
727 3211 795 3278 ι..3.
815 3209 943 3272 urbdolo·
954 3208 1036 3272 Vrat.
1049 3228 1075 3268 a.
1087 3207 1117 3266 3.
1140 3207 1224 3266 Paris.
1235 3227 1262 3270 a.
1282 3206 1419 3266 ιιιὸιὶοῖιιι
1433 3205 1516 3266 Cart.
1538 3205 1599 3268 cius

190 3343 259 3403 arag.
272 3343 361 3404 pron.
373 3320 534 3383 om.-Fabr.
548 3340 575 3380 ι..
587 3319 657 3379 Vm.
672 3338 700 3377 a.
720 3317 918 3392 ocozatfiaera
928 3313 1047 3373 Comm.
1059 3312 1278 3390 aliiquaretnst.
1287 3331 1321 3370 ex
1332 3308 1414 3369 Cort.
1434 3310 1514 3370 Lcid.
1528 3331 1554 3371 a.
1566 3311 1596 3370 b.

189 3447 215 3489 c.
225 3449 251 3488 e.
267 3429 287 3487 l.
299 3427 330 3486 h.
345 3428 367 3488 i.
379 3429 407 3487 t.
419 3431 440 3488 l.
461 3426 560 3495 Pemb.
581 3424 613 3489 B.
626 3421 697 3484 Pub.
707 3423 799 3482 Mark.
809 3433 845 3484 Λ.
865 3419 927 3478 Bas
941 3439 965 3476 ι.
986 3416 1054 3474 Τιιι.
1075 3417 1184 3492 forent
1197 3423 1349 3474 antestant
1371 3416 1462 3474 multi·
1476 3417 1526 3474 alii
1542 3435 1599 3497 pro

189 3533 268 3595 varia
279 3535 414 3594 lectione.
425 3535 500 3611 sore
530 3551 564 3591 ex
579 3529 662 3593 Gort.
682 3527 805 3589 Rem-a.
825 3525 921 3585 Str'or.
941 3524 1042 3581 irrcert.
1055 3539 1081 3578 1.
1101 3519 1205 3585 Franc.
1225 3518 1314 3584 Acad.
1334 3518 1430 3578 Sonat.
1449 3540 1481 3579 ι..
1499 3520 1599 3582 lieuss.

189 3635 287 3698 Goell.
299 3637 328 3702 3.
342 3659 389 3698 ιι.
409 3641 499 3699 Palat.
519 3646 640 3716 septem.
661 3631 722 3696 Bos,
735 3631 763 3702 A,
780 3629 863 3688 Bern.
876 3647 902 3686 ι.
921 3625 992 3708 Terg.
1012 3625 1077 3682 ΕιΙ.
1093 3622 1210 3682 irretnu'l
1226 3623 1294 3683 Bas..
1305 3645 1329 3682 r.
1346 3623 1374 3695 l.
1395 3622 1480 3682 Fabr.
1500 3626 1559 3685 iura
1570 3645 1600 3686 ι.

188 3741 293 3802 Franc.
312 3743 380 3803 Seu.
399 3742 468 3804 Vin.
489 3740 588 3800 Heuss.
609 3737 690 3798 Leid.
705 3735 772 3800 ab.
783 3756 810 3795 c.
823 3732 853 3792 d.
864 3753 890 3792 e.
903 3733 923 3797 f.
935 3729 966 3789 b.
982 3732 1002 3788 i.
1016 3729 1043 3793 lt.
1054 3732 1130 3788 Lar.
1150 3727 1219 3786 Tur.
1240 3727 1325 3787 Bern.
1342 3749 1366 3792 r.
1382 3731 1415 3791 3.
1431 3727 1481 3788 de.
1499 3727 1597 3790 Strur.

189 3847 268 3912 Vrat.
277 3868 304 3908 a.
324 3847 422 3908 Guelf.
435 3867 460 3912 1.
470 3845 498 3918 4.
508 3867 538 3927 9.
550 3864 595 3903 ιο.
609 3861 653 3902 ιι.
673 3839 838 3902 sexWassii.
859 3833 999 3896 immovit
1009 3835 1108 3894 ceteri.
1120 3829 1222 3892 Altini
1234 3841 1338 3892 costra·
1353 3831 1431 3890 teia.
1442 3835 1464 3889 l.
1476 3829 1544 3890 Nar.
1554 3850 1597 3889 ιιι.
1634 3855 1636 3862 ·

191 3974 236 4034 pr.
254 3953 451 4032 tumultuper.
465 3951 508 4010 in.
527 3947 613 4013 Fabr.
634 3947 703 4007 vin.
717 3965 742 4004 ι.
765 3944 861 4004 Strur.
878 3941 959 4002 Vrat.
976 3959 1001 3998 r.
1020 3936 1125 3996 Fratre.
1145 3945 1200 3996 tres
1214 3934 1311 3995 Guelf.
1328 3933 1397 3993 Tur.
1411 3951 1494 4012 perc.
1507 3941 1528 3991 t.
1539 3931 1597 3994 aba.

190 4059 286 4120 ceteri.
307 4075 419 4136 magna
428 4055 473 4116 vis
485 4054 562 4114 bost.
574 4053 645 4113 Tur.
664 4049 733 4133 Τις.
755 4048 823 4114 narb.
845 4054 932 4124 atque
952 4052 1038 4103 nocte
1056 4040 1126 4100 Tur.
1146 4039 1246 4108 ΒΜ,
1265 4057 1342 4099 arm.
1353 4057 1418 4117 cap.
1440 4035 1512 4115 (att
1520 4037 1595 4116 om.)

189 4163 287 4224 Snnr.
308 4161 375 4222 Ecr.
395 4161 455 4219 inc.
471 4181 497 4218 ι.
512 4157 616 4218 Frano.
628 4175 655 4215 a.
668 4155 766 4214 Guetf.
782 4174 807 4211 ι.
821 4151 850 4222 l.
866 4171 896 4230 9.
905 4147 997 4229 parret
1010 4165 1049 4206 er
1067 4144 1159 4204 Mart.
1174 4156 1216 4206 Δ.
1232 4163 1272 4202 m.
1286 4160 1344 4202 acc.
1361 4137 1464 4220 paura
1479 4157 1517 4199 ar
1536 4140 1597 4203 inc.

189 4287 218 4328 a.
237 4265 366 4328 transire
375 4265 536 4350 tabesco.
547 4282 575 4322 ι.
589 4261 671 4324 Vnt.
681 4279 709 4318 ι.
726 4253 903 4318 Hortatur.
914 4253 972 4311 tu.
982 4269 1009 4316 a.
1023 4247 1262 4327 irrumperellin.
1273 4265 1299 4308 ι.
1309 4244 1360 4310 Ac.
1371 4244 1441 4304 Sena
1452 4264 1479 4306 a.
1495 4244 1596 4308 Hau.
