4560 5338
570 433 631 484 xvt

570 584 741 688 scripte,
764 580 852 656 satis
873 581 1002 669 bonae,
1026 577 1091 654 sed
1117 577 1254 653 litterae
1276 573 1407 650 multis
1429 571 1520 648 locis
1541 587 1724 648 vetustate
1748 569 1918 648 evanidas
1935 587 1975 647 et

571 709 700 813 priora
716 704 807 779 folia
825 703 987 778 lacerata
1001 727 1011 792 3
1035 725 1121 802 quae
1131 697 1296 775 secunda
1312 722 1449 772 manus
1461 696 1617 787 adiecit,
1630 697 1753 772 multo
1766 695 1976 772 recentiora

571 845 670 908 sunt.
695 825 819 902 Multa
833 824 948 900 etiam
967 824 1067 898 inter
1083 847 1208 897 versus
1225 819 1389 909 adiecta,
1407 836 1445 895 et
1460 818 1584 894 aliena
1602 820 1767 894 auctoris
1778 818 1977 896 verbisad·

572 953 663 1029 dita.
690 949 818 1050 Guelf
828 951 874 1024 V.
900 948 942 1021 in
963 943 1217 1019 vetustissimis
1235 942 1466 1017 membranis
1487 953 1678 1032 exaratus,
1704 969 1790 1044 quae
1809 969 1859 1018 ne
1876 969 1978 1017 com-

572 1086 693 1172 pactae
701 1055 968 1174 quidemsunt.
985 1068 1049 1164 (N.
1069 1092 1120 1164 17.
1137 1082 1209 1162 aut
1230 1067 1325 1164 116.)
1350 1065 1465 1139 Haud
1487 1066 1631 1169 integer
1650 1082 1724 1155 est,
1740 1093 1833 1140 nam
1849 1063 1978 1140 deficit

574 1194 610 1266 Β.
624 1182 701 1296 lug.
723 1219 752 1268 c.
774 1191 827 1270 15.
851 1193 900 1266 ab
915 1191 1034 1266 initio.
1059 1189 1291 1264 Litterarum
1305 1187 1458 1292 praefert
1481 1187 1660 1294 figuram,
1684 1213 1770 1287 quae
1789 1188 1883 1263 solet
1902 1213 1977 1264 esse

573 1316 717 1390 saeculis
737 1319 781 1391 X.
804 1331 842 1390 et
857 1317 921 1390 XI.
947 1317 1063 1388 Hunc
1084 1311 1228 1386 librum
1245 1311 1420 1386 omnium
1441 1311 1631 1413 optimum
1645 1336 1719 1386 esse
1732 1311 1976 1388 iudicathr

576 1437 649 1512 tius
661 1471 670 1530 5
691 1438 755 1512 sed
776 1464 862 1540 quae
878 1453 962 1541 post
988 1434 1226 1539 principium
1255 1432 1438 1508 orationis
1463 1432 1615 1506 Caesaris
1637 1450 1870 1534 sequuntur,
1894 1459 1976 1510 non

573 1558 705 1633 eadem
726 1559 908 1662 religione
934 1572 1086 1631 exarata
1109 1569 1209 1627 sunt.
1248 1551 1374 1651 Guelf.
1393 1553 1461 1625 VI.
1493 1553 1827 1644 membranaceus,
1853 1555 1976 1646 forma

576 1679 761 1783 octuplici
787 1678 921 1774 (Num.
938 1675 979 1752 51
999 1709 1006 1750 :
1033 1676 1107 1772 ια.)
1132 1674 1297 1749 auctoris
1317 1673 1473 1776 quidem
1492 1675 1605 1750 verba
1620 1676 1780 1780 integra,
1800 1676 1977 1753 sedmul·

577 1817 632 1874 tas
653 1825 808 1902 quoque
826 1799 961 1902 glossas
981 1797 1162 1889 continet3
1187 1795 1229 1870 in
1246 1795 1348 1870 bello
1362 1795 1591 1901 Iugurthino
1613 1798 1768 1902 triginta
1786 1799 1903 1876 ferme
1922 1801 1979 1882 fo-

574 1922 628 1998 lia
640 1921 912 1996 desiderantur.
940 1917 1065 2018 Guelf.
1076 1921 1120 1994 V
1113 1921 1168 2007 II,
1181 1919 1239 2015 (in
1253 1918 1346 1994 bibl.
1363 1920 1463 1994 Gud.
1482 1923 1581 2020 296.)
1598 1921 1754 1995 membr.
1771 1938 1810 1998 et
1821 1923 1980 2028 elegans,

575 2074 653 2150 quo
682 2061 850 2147 tempore
869 2067 928 2116 ars
957 2042 1055 2146 typis
1084 2041 1276 2118 scribendi
1307 2059 1389 2118 orta
1413 2058 1509 2132 erat,
1529 2042 1690 2146 scriptus
1716 2069 1791 2118 esse
1818 2043 1978 2135 videtur,

576 2169 792 2255 Catilinam,
804 2162 1041 2268 Iugurtham,
1053 2180 1091 2238 et
1101 2165 1268 2240 Declam.
1283 2165 1323 2238 in
1336 2165 1557 2240 Ciceronem
1571 2165 1844 2268 complectitur.
1857 2168 1981 2268 Guelf

577 2293 691 2368 VIII.
727 2287 978 2376 Chartaceus,
1010 2285 1209 2391 plerasque
1233 2287 1370 2391 prioris
1395 2285 1573 2362 lectiones
1605 2289 1761 2380 retinet,
1786 2289 1828 2364 in
1851 2291 1978 2393 primo

575 2414 699 2516 capite
722 2411 816 2486 belli
839 2408 1061 2514 Iugurthini
1074 2408 1211 2486 deficit.
1240 2410 1364 2510 Guelf.
1378 2411 1447 2485 IX.
1473 2411 1606 2506 (Num.
1637 2439 1698 2509 17:
1714 2437 1783 2502 21,
1812 2411 1859 2509 a.)
1875 2413 1976 2490 circa

574 2535 757 2612 saeculum
782 2535 884 2610 XIII.
916 2532 1077 2637 scriptus
1088 2532 1328 2626 ,Chartaceus
1349 2561 1359 2626 ;
1384 2535 1574 2637 scriptura
1592 2535 1680 2610 satis
1700 2533 1870 2638 religiosa
1887 2593 1897 2626 ,
1913 2537 1990 2614 sea

576 2659 730 2737 Codices
750 2685 831 2732 non
854 2656 1017 2760 optimos
1046 2657 1234 2758 expressit.
1271 2655 1397 2754 Guelf.
1416 2659 1463 2729 X.
1489 2657 1558 2751 (ex
1578 2656 1745 2730 Gudian.
1762 2657 1867 2756 295.)
1893 2663 1978 2736 Non

576 2784 630 2857 ita
651 2780 806 2882 quidem
823 2795 1006 2866 vetustus,
1026 2793 1072 2852 ut
1088 2777 1148 2851 vel
1161 2775 1335 2878 proximo
1347 2775 1516 2878 praeferri
1534 2775 1666 2879 possit3
1681 2776 1840 2855 minime
1852 2797 1980 2860 tamen

578 2905 751 2979 omnium
768 2881 1018 2976 correctorem
1032 2913 1206 3001 expertus
1226 2913 1287 2971 est.
1304 2897 1428 2996 Guelf.
1443 2899 1512 2970 XI.
1526 2897 1659 2994 (Num.
1686 2925 1746 2974 12:
1768 2904 1838 3000 to.)
1861 2903 1980 2980 Mem-

577 3027 685 3102 bran.
701 3023 823 3098 forma
840 3020 1035 3125 quadrata.
1062 3023 1229 3094 Externa
1240 3018 1441 3122 splendore
1460 3019 1632 3125 insignis3
1644 3020 1779 3100 litterae
1792 3052 1896 3116 auro,
1908 3028 1979 3102 rni-

579 3150 645 3223 nio
671 3147 860 3249 variisque
892 3144 1081 3220 coloribus
1112 3143 1317 3233 distinctae,
1345 3142 1457 3217 initio
1483 3143 1600 3220 seculi
1625 3147 1705 3221 XV.
1727 3147 1888 3252 scriptus
1915 3167 1978 3225 est.

582 3271 706 3368 Guelsi
724 3271 815 3342 XII.
843 3269 1050 3342 membran.
1078 3265 1201 3341 forma
1235 3265 1480 3370 quadruplici
1510 3267 1690 3372 oblonga,
1716 3271 1848 3366 (Num.
1879 3274 1979 3372 dr.)

580 3391 715 3464 litteris
733 3390 1014 3492 elegantissimis
1037 3389 1218 3489 scriptus,
1234 3388 1300 3462 sed
1322 3416 1343 3462 a
1360 3391 1484 3492 capite
1501 3391 1550 3465 ad
1568 3392 1709 3466 calcem
1731 3421 1753 3468 a
1771 3411 1981 3472 correctore

579 3512 805 3599 recensitus,
839 3511 908 3612 qui
934 3509 1055 3583 multa
1070 3508 1312 3597 immutavit,
1343 3511 1456 3614 plura
1472 3511 1644 3614 addidit,
1668 3515 1835 3617 plurima
1859 3517 1982 3594 erasit.

580 3640 810 3711 Va'nariensa's
829 3635 859 3707 I.
878 3632 946 3733 qui
965 3630 1174 3733 aliquando
1192 3632 1373 3723 Ileinesii‚
1392 3650 1518 3738 postea
1535 3633 1830 3712 Schutzlleiscbii
1846 3639 1979 3730 luerat,

579 3761 702 3835 forma
732 3757 915 3857 oblonga,
941 3753 983 3828 in
1007 3754 1245 3848 membranis
1261 3755 1383 3830 nitide
1398 3757 1580 3859 scriptus,
1603 3759 1740 3833 saeculo
1761 3761 1806 3834 X.
1831 3761 1897 3836 vel
1914 3765 1976 3838 XI.

579 3882 713 3958 Misere
750 3876 1000 3979 interpolatus
1039 3876 1210 3952 meliores
1240 3878 1384 3967 modo,
1419 3879 1533 3954 modo
1565 3879 1766 3956 deteriores
1801 3881 1978 3963 lectiones

579 4003 789 4080 confirmat.
829 4001 1057 4074 Vinart'ensis
1073 4001 1126 4073 II.
1152 4001 1309 4076 Membr.
1332 4001 1455 4083 forma
1477 4002 1680 4106 octuplici,
1704 4005 1891 4111 scriptura
1907 4010 1979 4086 ele-

581 4125 797 4230 gantissima
829 4138 943 4226 atque
973 4121 1279 4213 accuratissima,
1313 4125 1456 4227 pariter
1489 4151 1533 4202 ac
1566 4125 1608 4201 in
1646 4125 1772 4204 Guett
1795 4131 1841 4206 X
1866 4157 1978 4207 orna·
2048 4183 2051 4190 ,

582 4265 638 4338 ta,
663 4247 799 4326 saeculo
823 4247 904 4326 XV.
935 4247 1097 4353 scriptus
1125 4261 1181 4324 est
1208 4261 1247 4328 et
1270 4247 1490 4327 melioribus
1522 4248 1630 4328 libris
1659 4249 1978 4332 adnumerandus.
