4542 5318
1616 369 1690 460 287¹

294 563 375 636 tus?
421 569 482 640 An
516 557 596 641 ulla
626 567 701 642 alia
723 585 834 671 putas
857 590 931 640 esse
955 561 1173 638 rudimenta
1200 573 1237 631 et
1264 549 1501 628 incunabula
1527 543 1693 634 virtutis,

255 779 259 787 ⁵
291 683 432 782 quibus
453 689 572 762 animi
591 689 641 764 ad
661 691 789 796 glorioe
811 688 1059 792 cupiditatem
1082 682 1265 757 al-unturl
1289 677 1360 751 Sed
1372 673 1531 748 minime
1547 669 1690 743 mirum

291 819 362 896 oet,
388 811 513 886 Patres
527 814 750 917 conscripti,
776 815 806 888 si
823 812 957 899 homo,
983 809 1051 912 qui
1067 805 1218 882 desidiae
1236 829 1279 875 ac
1298 798 1458 874 luxuriae
1481 793 1617 898 plenus
1628 789 1693 878 sit,

291 925 372 1003 boec
395 949 440 1006 ut
464 963 558 1009 nova
583 953 698 1039 atque
723 937 903 1010 inusitata
929 932 1100 1006 miratur.
1150 929 1247 1002 Nam
1277 923 1383 1026 <pund
1408 921 1476 994 ista
1510 915 1691 990 inusitata

291 1053 397 1127 rabie
416 1059 634 1158 petulanter
654 1061 696 1134 in
721 1086 878 1134 uxorem
899 1074 937 1132 et
958 1062 999 1130 in
1025 1054 1145 1126 filiam
1170 1077 1294 1124 meam
1319 1041 1504 1131 invasisti,
1529 1063 1614 1140 quoe
1636 1036 1692 1109 fa·

293 1173 402 1251 cilius
422 1181 598 1256 mulieres
619 1209 657 1257 se
680 1211 702 1256 a
719 1183 808 1256 viris
829 1181 1112 1267 abstinuerunt,
1139 1199 1256 1277 quam
1281 1187 1325 1244 tu
1345 1169 1403 1242 vir
1424 1191 1445 1238 a
1472 1163 1580 1252 viris3
1605 1157 1692 1233 satis

293 1294 405 1374 docte
426 1329 470 1378 ac
492 1305 612 1407 perite
635 1305 763 1380 fecisti.
800 1307 886 1378 Non
910 1303 1014 1378 enim
1036 1327 1097 1374 me
1116 1296 1269 1400 sperasti
1293 1307 1470 1366 mutuam
1493 1284 1563 1358 tibi
1580 1280 1694 1384 grati·

292 1445 354 1495 am
377 1425 605 1517 relaturum,
633 1446 677 1502 ut
696 1428 857 1502 vicissim
878 1445 961 1501 tuas
984 1421 1251 1526 conpellarem.
1293 1417 1401 1490 Unus
1424 1409 1529 1484 enim
1549 1406 1637 1479 satis
1656 1420 1717 1476 es·

294 1549 459 1621 materiae
486 1547 653 1626 habens:
687 1579 811 1655 neque
831 1551 1040 1653 quicquam
1067 1543 1217 1648 turpius
1247 1554 1302 1615 est
1329 1535 1434 1611 domi
1459 1549 1551 1618 tuae,
1575 1552 1693 1632 quam

296 1679 347 1738 tu
386 1670 556 1746 Multum
577 1689 614 1749 te
633 1701 720 1750 vero
743 1675 875 1779 opinio
901 1672 1020 1759 fallit,
1054 1669 1122 1772 qui
1153 1664 1250 1738 mihi
1274 1685 1409 1766 parare
1430 1652 1571 1759 putasti
1597 1649 1694 1723 invi-⁶

247 1875 256 1882 .
293 1785 398 1864 diam
418 1817 464 1867 ex
483 1823 566 1870 mea
585 1823 627 1873 re
644 1797 847 1874 familiari:
873 1821 959 1898 quoe
978 1793 1104 1867 multo
1121 1787 1219 1864 mihi
1243 1786 1371 1858 minor
1389 1795 1461 1868 est,
1485 1801 1602 1880 quam
1625 1771 1695 1846 ha·

294 1909 383 1987 bere
402 1914 537 2020 dignus
565 1945 658 1995 sum.
697 1925 823 2024 Atque
842 1920 994 1994 utinam
1018 1929 1200 1990 natanta
1231 1907 1389 2012 quidem
1412 1918 1521 1989 esset,
1548 1913 1693 2000 qtranta

295 2052 364 2113 est:
390 2040 448 2112 uti
470 2043 596 2142 potius
618 2044 731 2118 amici
753 2043 828 2119 mci
843 2043 1031 2130 viverent,
1054 2063 1173 2140 quam
1203 2059 1271 2138 ego
1304 2025 1532 2106 testamentis
1562 2045 1696 2096 eorum

296 2155 523 2260 locupletior
544 2169 680 2238 essem!
719 2167 799 2268 Ego
822 2165 954 2267 fugax,
980 2167 1017 2236 C
1044 2160 1207 2234 Salustii
1242 2153 1379 2229 Furori
1402 2146 1548 2222 tribuni
1571 2139 1696 2245 plebei

297 2280 408 2353 cessi:
434 2284 566 2358 utilius
584 2285 694 2373 duxi,
720 2288 891 2387 quamvis
912 2285 1108 2358 fortunam
1129 2305 1231 2356 unus
1255 2273 1440 2380 experiri,
1467 2294 1584 2371 quam
1607 2263 1697 2337 uni·

211 2442 219 2457 ·
296 2427 401 2476 verso
419 2404 564 2506 populo
580 2406 752 2480 Romano
771 2405 891 2479 civilis
906 2431 1020 2478 essem
1036 2403 1274 2477 dissensionis
1291 2423 1436 2473 caussa:
1452 2394 1539 2496 qui,
1553 2403 1697 2492 postea-

297 2551 414 2629 quam
435 2527 500 2602 ille
519 2553 632 2603 suum
650 2555 799 2602 annum
819 2527 860 2601 in
879 2525 1075 2629 republica
1091 2519 1365 2626 perbacchatus
1384 2533 1455 2604 est,
1482 2513 1697 2611 omniaque,

299 2674 386 2750 quae
407 2667 678 2739 commoverat,
703 2677 796 2753 pace
826 2665 864 2723 et
889 2649 966 2722 otio
992 2646 1230 2735 resederunt;
1261 2639 1335 2716 hoc
1360 2637 1495 2713 ordine
1522 2659 1698 2724 revocan-¹

299 2787 350 2860 ῑθ,
375 2789 490 2876 atque
516 2773 596 2878 ipsa
622 2772 819 2878 republica
844 2798 965 2847 manu
988 2767 1206 2845 retrahente
1228 2790 1308 2853 me,
1337 2759 1480 2836 reverti.
1522 2755 1600 2849 Qui
1626 2753 1697 2826 mi-

299 2891 340 2969 hi
360 2895 455 2987 dies,
478 2897 513 2973 si
533 2924 624 2972 cum
643 2896 750 2972 omni
771 2895 918 2997 reliqua
934 2894 1011 2969 vita
1029 2892 1265 2977 conferatur,
1285 2887 1414 2962 animo
1432 2878 1588 2985 quidem
1612 2903 1699 2978 meo

298 3035 470 3119 superet,
491 3047 579 3095 cum
597 3018 762 3096 universi
785 3045 848 3094 vos
868 3017 1110 3123 populusque
1131 3015 1323 3089 Romanus
1339 3009 1515 3108 frequens
1530 3001 1696 3075 adventu

299 3167 384 3214 meo
417 3143 627 3244 gratulatus
654 3159 717 3218 est.
753 3142 868 3216 Tanti
893 3167 953 3215 me
972 3140 1163 3243 fugacem,
1188 3131 1467 3211 mercenarium
1488 3141 1697 3229 patronum

296 3265 541 3338 aestimarunt
577 3267 707 3366 Neque
726 3263 882 3339 hercule
904 3264 1046 3336 mirum
1069 3278 1141 3349 est,
1166 3258 1197 3334 si
1221 3283 1288 3360 ego
1310 3279 1456 3356 semper
1476 3252 1590 3324 iustas
1616 3247 1724 3320 om-4

246 3477 248 3482 Ι
300 3389 411 3462 nium
427 3387 611 3462 amicitias
630 3387 846 3462 existimati.
879 3387 963 3459 Non
985 3384 1092 3460 enim
1106 3382 1177 3456 uni
1190 3379 1369 3484 privatim
1387 3375 1588 3450 ancillatus
1600 3397 1700 3456 sum,

302 3538 428 3614 neque
445 3538 505 3586 me
523 3511 677 3584 addixi:
702 3509 767 3584 sed
791 3525 981 3610 quantum
1002 3506 1162 3608 quisque
1188 3501 1407 3605 reipublicae
1423 3496 1589 3586 studuit,
1615 3509 1700 3574 tan,-

298 3631 381 3708 'tum
406 3633 502 3708 mihi
519 3635 594 3710 fuit
615 3651 683 3708 aut
698 3633 842 3708 amicus
861 3648 930 3705 aut
950 3629 1135 3702 inimicus.
1175 3629 1253 3730 Ego
1272 3623 1371 3698 nihil
1395 3623 1481 3727 plus
1503 3618 1605 3693 volni
1637 3641 1699 3688 va·

301 3856 378 3916 libri.
396 3857 578 3936 sperasti'mc
598 3855 677 3915 Laid.
690 3877 714 3914 c.
745 3854 940 3934 conpellerent
956 3851 1034 3912 Lcid.
1052 3873 1078 3911 ca
1099 3861 1162 3910 tuos
1176 3869 1269 3928 comp·
1291 3845 1368 3907 Gud.
1390 3840 1572 3901 <tomitanae
1587 3835 1699 3916 tropina

301 3959 362 4020 Bas.
385 3959 465 4019 Laid.
480 3983 506 4020 c.
529 3961 734 4020 multum-vcro
748 3969 776 4020 te
794 3959 879 4020 Rem.
901 3957 952 4018 lc.
973 3957 1040 4016 Bas,
1056 3957 1162 4034 opinor
1175 3951 1243 4017 fatti
1263 3949 1377 4008 Laida
1397 3942 1594 4023 opinorfolb't
1613 3941 1697 4007 Rem,

300 4066 350 4125 Ac.
368 4083 478 4144 parare
487 4065 598 4144 putasti
616 4063 677 4125 Bas.
698 4065 780 4124 Laid.
792 4087 818 4124 c.
839 4063 916 4124 mitt
935 4061 1151 4121 mullovminor.
1173 4057 1234 4115 Bar.
1266 4053 1299 4114 C.
1321 4051 1433 4112 Solusti
1452 4051 1519 4109 Rasa
1535 4047 1701 4108 residerent

297 4168 376 4228 Gud.
397 4169 448 4229 Act
467 4169 530 4248 ipsa
544 4187 637 4232 matut
651 4192 683 4250 p.
703 4169 740 4230 ll.
758 4169 924 4229 retrahente
943 4164 1019 4224 coo.
1041 4163 1235 4242 Oudendorp.
1255 4165 1456 4219 aestumatum
1474 4155 1539 4215 Bas.

302 4271 418 4353 Capsa.
440 4273 577 4334 hercules
589 4273 651 4341 Bas.
673 4272 818 4335 amicitias
835 4268 988 4333 aestimata·
1003 4267 1065 4335 Bas.
1086 4276 1138 4327 out
1154 4266 1265 4326 arnicas
1281 4273 1333 4324 aut
1347 4258 1531 4323 adversarius
1547 4257 1609 4321 Bau
1629 4263 1719 4322 νοω
