4560 5338
1627 427 1681 474 21.

274 570 332 645 dis
345 571 534 647 Ianuariis
550 574 589 646 L.
609 575 758 649 Cottam
776 593 815 651 et
832 580 870 652 L.
892 581 1129 682 Tolquatum
1151 583 1329 660 Consules
1348 571 1584 674 interficere,
1600 580 1673 683 ipsi

273 692 436 769 fascibus
456 698 657 801 correptis,
681 699 854 802 Pisonem
877 731 965 780 cum
993 709 1159 818 exercitu
1180 709 1229 782 ad
1246 707 1472 812 optinendas
1488 707 1583 781 duas
1602 702 1679 778 lli-³

270 819 421 920 spanias
438 819 597 894 mittere.
634 824 688 895 Ea
711 850 751 898 re
772 827 922 930 cognita
940 856 1084 919 rursus,
1105 831 1147 906 in
1164 834 1290 906 Nonas
1306 831 1532 906 Februarias¹
1548 826 1678 903 consi-

271 940 368 1015 lium
384 943 495 1017 caedis
513 945 795 1022 transtulerant.
834 953 917 1024 Iam
933 968 1016 1025 tum
1029 980 1110 1028 non
1124 955 1350 1046 Consulibus
1362 953 1494 1043 modo,
1514 953 1578 1027 sed
1591 950 1672 1054 ple-

271 1065 397 1169 risque
418 1067 662 1142 senatoribus
686 1073 896 1171 perniciem
916 1074 1248 1152 machinabantur.
1301 1077 1417 1176 Quod
1438 1077 1481 1152 ni
1503 1072 1670 1152 Catilina

270 1203 493 1263 maturasset
517 1217 588 1292 pro
625 1195 731 1267 curia
756 1197 908 1299 signum
932 1200 1041 1273 sociis
1066 1201 1176 1295 dare;
1199 1229 1243 1277 eo
1263 1201 1342 1290 die,
1373 1219 1458 1304 post
1477 1197 1673 1274 conditam

269 1309 404 1383 urbem
424 1314 603 1404 Romam,
625 1341 843 1418 pessumum
858 1320 1007 1397 facinus
1027 1341 1222 1427 patratum
1235 1325 1341 1399 foret
1368 1325 1471 1421 Quia
1490 1320 1668 1398 nondum

268 1430 483 1534 frequentes
501 1439 637 1511 armati
660 1462 935 1535 couvenerant,
961 1473 1004 1520 ea
1027 1473 1083 1520 res
1098 1447 1302 1522 consilium
1323 1448 1486 1522 diremit
1536 1449 1717 1519 Posteatt

268 1559 349 1632 Piso
370 1559 411 1634 in
429 1561 640 1637 citeriorem
655 1565 880 1669 Hispaniam
895 1569 1070 1664 Quaestor
1089 1599 1159 1672 pro
1180 1574 1342 1645 Praetore
1363 1571 1494 1644 missus
1507 1585 1579 1658 est,
1601 1567 1668 1641 ad-

267 1682 413 1756 nitente
433 1686 582 1776 Crasso,
608 1688 713 1789 quod
732 1715 822 1763 eum
838 1689 1018 1764 infestum
1037 1693 1238 1768 inimicum
1252 1697 1319 1769 Cn.
1329 1692 1509 1797 Pompeio
1529 1716 1668 1794 cogno·

267 1821 378 1880 verat
418 1808 548 1909 Neque
571 1825 698 1885 tamen
718 1812 876 1886 Senatus
894 1813 1134 1915 provinciam
1158 1816 1301 1890 invitus
1320 1815 1496 1891 dederat:
1521 1813 1667 1917 quippe

266 1925 413 2004 foedum
438 1929 635 2006 hominem
659 1960 680 2006 a
714 1934 910 2036 republica
941 1929 1077 2039 procul
1103 1963 1178 2012 esse
1207 1939 1387 2016 volebat:
1424 1936 1538 2012 simul
1573 1936 1666 2038 quia

267 2051 356 2126 boni
379 2081 497 2155 quam
518 2053 646 2156 plures
667 2057 887 2159 praesidium
908 2059 950 2133 in
969 2087 1013 2134 eo
1035 2061 1247 2163 putabant:
1274 2062 1405 2136 etiam
1429 2077 1514 2136 tum
1530 2076 1676 2162 poten-2

267 2178 318 2249 tia
337 2179 506 2280 Pompeii
527 2177 770 2258 formidolosa
791 2199 881 2256 erat.
917 2183 989 2257 Sed
1011 2183 1040 2257 is
1060 2185 1164 2275 Piso,
1181 2171 1480 2288 in'provinciam
1492 2183 1542 2256 ab
1556 2182 1665 2284 equi·
1783 2199 1785 2204 ’

265 2303 365 2376 tibus
389 2303 596 2406 Hispanis,
634 2330 728 2406 quos
758 2304 800 2378 in
821 2306 989 2380 exercitu
1016 2306 1223 2398 ductabat,
1248 2308 1494 2397 iterfaciens,
1521 2305 1665 2382 occisus

263 2442 325 2500 est
365 2427 484 2516 Sunt,
510 2426 578 2528 qui
600 2426 652 2499 ita
681 2427 837 2518 dicunt,
863 2428 1022 2530 imperia
1040 2429 1121 2502 eius
1138 2431 1300 2522 iniusta,
1324 2431 1504 2534 superba,
1528 2427 1664 2502 crude·

261 2549 312 2624 lia
335 2551 515 2625 barbaros
534 2550 744 2652 nequivisse
768 2551 872 2653 pati:
903 2549 970 2624 alii
995 2567 1124 2624 autem
1154 2554 1298 2654 equites
1329 2551 1434 2643 illos,
1460 2554 1527 2626 Cn.
1552 2552 1662 2624 Pom-

130 2681 133 2687 ’
260 2675 337 2778 peii
358 2692 496 2749 veteres
521 2673 690 2776 fidosque
711 2674 865 2748 clientes
886 2731 896 2764 ,
919 2674 1118 2748 voluntate
1147 2675 1226 2748 eius
1255 2675 1428 2748 Pisonem
1453 2672 1662 2776 adgressos:

260 2824 473 2899 numquam
489 2796 677 2900 Hispanos
697 2812 876 2898 praeterea
902 2797 977 2871 tale
1000 2796 1147 2871 facinus
1167 2796 1310 2887 fecisse,
1336 2798 1401 2871 sed
1416 2793 1575 2897 imperia
1594 2817 1660 2866 sae·

258 2951 303 2998 va
326 2923 448 2996 multa
479 2937 589 2996 antea
620 2945 815 3023 perpessos
868 2923 942 2996 Nos
965 2947 1049 2995 earn
1068 2947 1148 2996 rem
1177 2921 1219 2996 in
1241 2921 1367 2995 medio
1389 2905 1659 3030 relinquemus.

258 3047 317 3121 De
335 3045 529 3150 superiore
550 3043 814 3118 coniuratione
837 3045 925 3119 satis
946 3046 1103 3121 dictum.

257 3241 342 3301 Bern.
361 3263 385 3300 ι.
401 3261 441 3298 ιιι.
459 3261 504 3319 pr.
525 3237 606 3298 Leid.
618 3237 650 3298 h.
663 3240 690 3299 k.
705 3263 744 3301 m.
766 3245 942 3303 adulescens.
961 3243 1042 3303 Rern
1056 3264 1082 3302 1.
1102 3241 1265 3303 Aruronr‘us
1287 3235 1522 3302 circiterNonas
1531 3234 1659 3296 Decem-

256 3345 325 3407 bris.
346 3365 447 3404 omnes
471 3343 533 3404 llas.
552 3344 611 3403 Erl.
631 3345 700 3428 Teg.
720 3347 789 3408 Tur.
810 3350 894 3408 Betn.
915 3348 995 3407 Leid.
1016 3346 1163 3406 Iammrii.
1190 3345 1252 3404 Bas.
1273 3365 1300 3404 2.
1317 3344 1346 3413 4.
1373 3338 1659 3421 Rern-Myttianu-

256 3456 320 3514 das.
342 3451 404 3510 Bas.
422 3471 447 3510 ι.
460 3450 525 3511 ab.
545 3449 614 3510 Tur.
630 3471 655 3509 1.
674 3452 774 3511 urbem
785 3473 910 3512 romam.
931 3453 992 3511 Bas.
1008 3475 1034 3513 ι.
1050 3474 1077 3513 ι.
1089 3453 1119 3514 5.
1145 3451 1216 3510 Tur.
1230 3471 1256 3510 1.
1270 3471 1297 3510 a.
1320 3447 1405 3508 bern.
1423 3468 1449 3506 1.
1465 3469 1492 3508 ι.
1507 3445 1537 3506 3.
1556 3462 1660 3504 omnes

256 3558 343 3618 Leid..
358 3557 443 3616 Paris.
463 3556 550 3614 Palat.
572 3557 658 3614 multi
670 3554 762 3616 Cortii
780 3556 858 3616 libri.
879 3577 1045 3617 romanam.
1062 3557 1159 3618 Guelf.
1175 3577 1222 3616 ιο.
1236 3555 1326 3616 Λοοά.
1341 3577 1381 3614 m.
1393 3573 1439 3636 pr.
1450 3553 1510 3612 er.
1521 3550 1590 3631 Teg.
1602 3568 1658 3608 ro*

256 3683 337 3722 mam
354 3671 425 3721 tom.
447 3659 543 3721 Guell.
561 3661 590 3719 ὅ.
606 3661 634 3720 8.
654 3681 699 3721 ιο.
723 3683 767 3722 ιι.
783 3674 812 3724 et
828 3664 857 3734 4.
876 3661 905 3722 6.
920 3684 950 3744 9.
960 3683 1001 3720 m.
1013 3683 1069 3723 sec.
1088 3663 1170 3722 Leid.
1185 3661 1215 3720 d.
1230 3658 1260 3720 h.
1274 3683 1315 3720 m.

296 3787 370 3872 Cap.
384 3810 431 3870 ¹9·
450 3790 610 3849 annitente.
630 3789 698 3850 Tur.
716 3813 741 3851 1.
761 3791 823 3852 Bar.
836 3813 863 3852 a.
875 3793 904 3864 4.
926 3792 1173 3870 bonimmplures.
1194 3789 1255 3848 Bas.
1274 3810 1298 3848 ι.
1311 3809 1337 3848 2.
1350 3787 1379 3850 3.
1391 3789 1420 3861 4.
1442 3786 1527 3844 Paris.
1542 3803 1569 3840 a·
1583 3779 1613 3839 b·
1630 3800 1660 3842 c.

188 3935 191 3942 ι
255 3915 280 3957 ι.
300 3893 444 3975 ErLTeg.
465 3893 673 3954 Bem.1.2.3.
693 3897 880 3977 urmplures.
900 3897 969 3956 Tur.
988 3915 1014 3954 ι.
1044 3895 1254 3974 quamplures.
1275 3892 1400 3952 Parind.
1428 3889 1525 3951 Guelf.
1555 3895 1611 3954 ι.5.
1626 3918 1657 3978 7.

255 4023 284 4081 9.
302 4020 348 4059 ιο.
388 3997 473 4056 Rem.
486 4007 580 4078 uterq.
594 3998 713 4059 Ecoard.
733 4001 830 4062 Sonat.
845 4024 871 4060 a.
892 4000 981 4061 Acad.
999 4001 1097 4058 chss.
1124 3999 1255 4080 potentia
1265 3997 1368 4076 Pomp.
1397 3995 1460 4055 Bas.
1480 4017 1506 4056 1.
1527 4017 1553 4056 a.
1570 3997 1599 4058 3.
1625 4001 1655 4072 4.

253 4107 323 4166 Τιιι.
337 4125 363 4163 ι.
383 4103 467 4161 Rern.
483 4122 507 4160 ι.
519 4121 545 4160 2.
557 4102 586 4161 3.
607 4102 806 4183 inprooincia.
828 4107 911 4166 Paris.
921 4127 947 4164 a.
958 4105 1016 4163 Erl.
1038 4107 1135 4184 plures
1145 4101 1247 4162 Corui.
1268 4101 1349 4160 Leid.
1362 4123 1402 4159 m.
1423 4101 1537 4160 mount.
1553 4102 1614 4164 Bas.
1628 4126 1654 4166 ι.

255 4233 295 4272 ιιι.
311 4231 367 4271 sec.
381 4207 443 4268 Bas.
457 4206 522 4266 ab.
541 4206 611 4266 Tur.
627 4229 652 4266 ι.
672 4229 774 4268 omnes
782 4209 874 4268 Curtii
889 4207 1008 4268 etLeid.
1029 4208 1143 4268 dicant.
1172 4207 1233 4265 Bas.
1247 4209 1275 4276 4.
1303 4204 1387 4264 beru.
1403 4225 1427 4263 1.
1455 4205 1653 4287 relinquimus.

253 4317 335 4376 Leid.
349 4337 376 4374 a.
390 4311 420 4372 b.
437 4331 464 4373 c.
477 4311 508 4370 d.
526 4312 547 4370 l.
562 4309 593 4371 h.
607 4311 635 4372 k.
656 4312 756 4372 Bas.5.
768 4314 797 4385 4.
816 4312 965 4395 superiori.
986 4311 1055 4372 Tur.
1072 4334 1097 4372 1.
1118 4311 1202 4372 Bern.
1220 4333 1245 4370 ι.
1260 4309 1288 4370 3.
1310 4313 1408 4392 plures
1423 4309 1612 4386 Cortiilibri.
