4560 5338
442 1361 549 1460 Quos
569 1359 686 1438 libros
709 1363 747 1440 G
766 1362 919 1467 Crispus
940 1361 1124 1440 Salustius
1148 1357 1193 1436 de
1222 1358 1333 1436 rebus
1349 1357 1527 1437 Romanis
1552 1357 1743 1463 conscrip-

335 1482 400 1572 sit,
426 1485 617 1560 illustrare
641 1487 793 1560 animus
818 1503 880 1560 est.
921 1489 1032 1561 Hanc
1053 1512 1134 1560 rem
1163 1501 1209 1558 ut
1237 1485 1486 1586 susciperem,
1520 1479 1666 1558 lactum
1687 1499 1743 1558 est

333 1623 373 1682 et
389 1609 506 1712 ipsius
522 1607 715 1711 scriptoris
729 1608 952 1712 gravitatate
971 1623 1010 1682 et
1029 1609 1235 1709 elegantia,
1267 1632 1383 1706 quem
1401 1633 1531 1680 rerum
1547 1607 1737 1679 Romana-

283 1736 290 1754 '
332 1755 420 1805 nun
447 1727 757 1808 florentissimum
783 1746 977 1806 auctorem
1005 1729 1083 1832 ipse
1110 1727 1263 1802 Tacitus
1286 1728 1400 1816 dixit,
1435 1745 1473 1802 et
1506 1725 1739 1820 multorum,

332 1854 399 1954 qui
421 1854 550 1928 adbuc
567 1855 689 1954 Crispi
710 1854 817 1924 libris
836 1851 1087 1924 emendandis
1110 1867 1225 1954 atque
1244 1850 1481 1926 illustrandis
1497 1877 1651 1954 operam
1674 1851 1738 1926 de-

333 1974 492 2066 derunt,
513 1971 572 2050 rel
594 1972 763 2063 incuria,
779 1969 838 2048 vel
853 1998 970 2077 prava
989 1961 1196 2076 diligentia.
1226 1973 1462 2076 Quicunque
1476 1974 1581 2050 enim
1597 1973 1740 2050 Graeeis

333 2113 447 2200 atque
457 2098 603 2174 Latinis
621 2097 738 2172 literis
759 2095 980 2201 diligentius
998 2096 1171 2185 student,
1196 2123 1258 2172 eos
1279 2125 1359 2173 non
1382 2097 1508 2174 solum
1528 2123 1738 2202 puerorum

331 2221 591 2326 iuvenumque
604 2222 751 2297 animos
771 2219 831 2296 his
848 2220 983 2298 studiis
1000 2220 1175 2310 formare,
1200 2219 1265 2298 sed
1290 2221 1459 2296 multum
1482 2221 1598 2297 etiam
1619 2222 1737 2300 studii

329 2371 528 2449 operaeque
560 2345 602 2422 in
632 2373 677 2422 eo
703 2371 844 2449 ponere
881 2359 1051 2450 oportet,
1086 2363 1132 2419 ut
1156 2342 1531 2447 praeclarissimorum
1566 2346 1739 2450 ingenio-

328 2495 417 2542 rum
442 2469 702 2544 monumentis
734 2467 918 2570 antiquus
950 2467 1055 2540 nitor
1088 2469 1319 2544 restituatur.
1368 2470 1451 2543 Hoc
1476 2469 1593 2571 magis
1620 2470 1737 2546 etiam

329 2590 604 2679 necessarium,
618 2579 723 2692 quod
739 2588 952 2663 etiamnum
969 2586 1181 2665 multorum
1201 2607 1403 2666 auctorum
1423 2591 1527 2683 libri,
1552 2593 1737 2696 interpre-

332 2723 415 2787 tum
448 2709 1080 2802 emendationibus,coniecturis,
1107 2711 1267 2814 aliisque
1299 2714 1525 2816 corruptelis
1554 2730 1646 2788 stmt
1671 2715 1736 2790 de-

328 2837 486 2944 pravati.
536 2836 583 2914 ld
607 2835 714 2940 quod
734 2863 824 2912 cum
843 2832 946 2923 aliis,
968 2849 1051 2910 tum
1074 2833 1236 2912 Salustio
1256 2836 1404 2912 accidit
1437 2837 1571 2914 Libere
1593 2837 1735 2940 proles·

328 2987 389 3038 sus
409 2987 509 3054 sum,
526 2960 632 3065 quod
645 2961 768 3038 sentio
779 2992 790 3055 3
815 2985 941 3063 neque
959 2983 1021 3036 me
1041 2959 1228 3063 praeterit,
1242 2975 1406 3063 quantm
1420 2960 1575 3038 invidiae
1595 2979 1734 3072 tempe-

327 3101 437 3161 states
459 3082 557 3162 mihi
572 3085 645 3161 sim
655 3085 902 3174 excitaturus,
922 3083 1027 3186 quod
1047 3083 1236 3176 virorum,
1257 3085 1305 3162 de
1324 3086 1442 3162 literis
1455 3087 1598 3189 optime
1621 3089 1735 3162 meri-

328 3225 472 3300 torum,
489 3209 597 3286 laudi
620 3209 831 3287 obtrectare
851 3207 989 3284 videar.
1031 3205 1236 3306 Quantum
1258 3235 1346 3286 vero
1369 3209 1561 3314 prioribus
1579 3209 1732 3286 Salustii

328 3333 537 3412 editoribus
563 3331 813 3410 tribuendum
830 3333 895 3422 sit,
924 3359 1058 3408 eorum
1077 3331 1203 3406 solum
1226 3349 1281 3410 est
1305 3331 1509 3420 iudicium,
1538 3330 1606 3429 qui
1628 3330 1731 3407 banc

328 3483 409 3534 rem
418 3457 634 3535 accuratius
644 3458 921 3534 examinarimt
947 3457 1044 3521 Nam
1060 3449 1127 3538 qui
1139 3440 1394 3542 antiquissimi
1411 3453 1595 3553 cuiusque
1608 3451 1731 3531 critici

329 3577 551 3626 memoriam
574 3565 681 3626 tanta
699 3550 840 3656 pietate
867 3570 983 3659 atque
1007 3557 1190 3665 religione
1210 3584 1506 3671 prosequuntur,
1532 3589 1577 3648 ut
1600 3602 1730 3654 omnes

328 3699 461 3750 eorum
484 3676 792 3766 commentarios,
821 3691 1007 3784 tauquam
1035 3707 1194 3761 summae
1213 3688 1408 3794 sapientiae
1429 3694 1572 3786 fontes,
1597 3700 1729 3776 rendi-

328 3815 429 3891 tent,
452 3827 585 3877 eorum
609 3802 700 3878 levis
717 3818 773 3878 est
792 3805 1005 3882 auctoritas.
1051 3808 1230 3907 Quorum
1257 3814 1546 3896 obtrectationes
1579 3822 1621 3897 ni
1642 3823 1727 3900 viu·

327 3939 388 3998 cat
412 3951 542 4029 opera,
580 3953 700 4029 wem
727 3927 889 4004 Salustio
918 3931 1075 4022 navari,
1105 3936 1261 4014 nullum
1292 3939 1580 4046 vituperationis
1607 3972 1725 4050 mnus

326 4073 464 4124 recuso
488 4051 543 4127 Ne
558 4049 675 4156 igitur
697 4051 738 4126 in
753 4053 878 4156 pravis
898 4052 1063 4132 aliorum
1084 4059 1332 4162 opinionibus
1348 4065 1558 4144 refutandis
1576 4084 1724 4175 tempus

323 4189 536 4266 conteram,
562 4175 658 4278 quid
677 4177 914 4283 potissimum
938 4177 981 4254 in
1008 4177 1082 4258 boc
1112 4209 1225 4288 opere
1254 4205 1402 4264 secutus
1432 4189 1520 4282 sim,
1548 4209 1585 4268 et
1604 4221 1722 4296 quatu

324 4296 508 4401 propositi
535 4297 697 4376 sormam
728 4301 1001 4406 descripserim,
1032 4309 1244 4384 accuratius
1275 4335 1486 4416 persequar.
1534 4315 1720 4411 Omnium
