4542 5318
608 460 682 534 286

606 663 647 714 re
671 635 751 713 noli
777 635 874 711 mibi
894 633 1072 736 antiquos
1101 632 1200 710 viros
1227 631 1422 708 obiectare.
1462 633 1585 710 Satius
1611 652 1669 710 est
1688 635 1812 728 enim,
1834 665 1896 716 me
1918 645 2011 724 meis

607 762 718 836 rebus
740 761 847 865 gestis
867 757 1020 844 llorere,
1046 783 1165 862 quarn
1186 757 1376 833 maiorum
1401 757 1583 860 opinione
1612 759 1708 848 niti,
1733 779 1771 838 et
1798 761 1850 838 ita
1869 765 2009 860 vilere,

606 902 652 959 ut
674 911 741 988 ego
763 884 834 958 sim
853 881 1007 985 posteris
1026 879 1118 954 meis
1145 879 1357 954 nobilitatis
1376 879 1533 957 initium
1551 899 1589 960 et
1608 885 1760 962 virtutis
1779 893 2007 996 exemplum.

605 1008 735 1110 Neque
753 1033 815 1081 me
829 1033 919 1080 cum
935 1004 994 1078 his
1013 1004 1184 1080 conferre
1197 1002 1316 1093 decet,
1327 1007 1452 1080 Patres
1471 1006 1696 1110 conscripti,
1707 1010 1773 1112 qui
1789 1010 1867 1087 iam
1883 1013 2008 1118 deces7

602 1146 762 1224 serunt,
788 1129 971 1232 omnique
1000 1127 1088 1202 odio
1115 1143 1246 1202 carent
1267 1143 1306 1202 et
1334 1127 1499 1220 invidia,
1519 1129 1583 1204 sed
1607 1157 1697 1205 curn
1729 1133 1801 1222 eis,
1837 1138 1906 1238 qui
1931 1165 2009 1214 me-

603 1279 695 1328 cum
718 1252 863 1328 unuin
884 1249 1080 1354 republica
1105 1249 1239 1326 versati
1263 1265 1363 1324 sunt
1412 1249 1485 1326 Sed
1512 1252 1590 1349 [si]
1613 1251 1752 1328 fuerim
1775 1273 1844 1332 aut
1868 1260 1909 1335 in
1941 1261 2009 1338 bo-

603 1375 763 1452 noribus
774 1373 945 1478 petendis
963 1373 1076 1447 nimis
1094 1371 1332 1465 ambitiosus3
1350 1371 1447 1468 (non
1462 1369 1565 1448 banc
1584 1375 1671 1450 dico
1686 1379 1914 1480 popularem
1931 1411 2009 1460 anr-

603 1500 809 1588 bitionem‚
843 1498 951 1572 cuius
982 1521 1042 1570 me
1068 1493 1283 1598 principem
1302 1493 1508 1586 confiteor,
1531 1497 1595 1572 sed
1623 1498 1732 1574 illam
1758 1504 2008 1604 perniciosam

603 1639 738 1699 contra
754 1623 865 1726 leges,
887 1619 1148 1722 cuiusprimos
1171 1618 1322 1694 ordines
1336 1618 1520 1692 Salustius
1544 1617 1688 1718 duxit3)
1714 1624 1845 1699 autin
1868 1653 2006 1730 gerun.

603 1745 661 1821 dis
687 1743 984 1848 magistratibus,
1011 1757 1080 1815 aut
1106 1741 1147 1814 in
1169 1740 1406 1817 vindicandis
1430 1740 1624 1816 maleficiis
1649 1745 1724 1818 tam
1746 1771 1916 1842 severus;
1941 1774 2008 1830 aut

502 1918 505 1924 ·
600 1868 647 1943 in
678 1867 820 1942 tuenda
848 1865 1043 1969 republica
1074 1879 1152 1936 tam
1179 1864 1337 1967 vigilans
1345 1895 1356 1958 3
1380 1880 1508 1966 'quam
1534 1882 1577 1938 tu
1606 1869 1924 1974 proscriptionem
1945 1905 2008 1952 vo·

604 2015 689 2065 cus:
711 1989 840 2075 eredo,
862 1987 968 2088 quod
985 2012 1066 2060 non
1086 2012 1215 2062 omnes
1234 1987 1291 2061 tui
1310 1987 1448 2062 similes
1462 1987 1671 2064 incolumes
1688 1990 1730 2064 in
1748 1989 1822 2068 bac
1840 1999 1936 2073 urbe
1955 2002 2008 2076 ri·

605 2113 752 2188 sissent.
802 2113 851 2186 At
872 2123 1018 2210 quanto
1046 2107 1206 2182 meliore
1231 2107 1315 2184 loco
1344 2110 1557 2212 respublica
1575 2128 1720 2203 staret,
1744 2115 1776 2190 si
1802 2131 1845 2190 tu
1866 2145 1940 2222 par
1963 2151 2007 2198 ac

604 2236 739 2312 similis
758 2234 999 2310 scelestorum
1024 2231 1184 2318 civium,
1210 2256 1290 2304 una
1312 2231 1496 2306 cumillis
1516 2233 1789 2312 adnumeratus
1808 2247 1921 2316 esses!
1946 2249 2007 2324 An

605 2385 692 2462 ergo
708 2375 803 2432 tunc
820 2355 912 2430 falso
926 2351 1076 2454 scripsi:
1101 2401 1118 2436 «
1135 2351 1281 2428 Cedant
1302 2379 1407 2428 arma
1431 2359 1556 2458 togael,
1576 2357 1645 2457 qui
1663 2359 1810 2462 togatus
1825 2382 2008 2457 annates,
2071 2435 2089 2470 κ

604 2497 643 2556 et
656 2507 749 2583 pace
767 2478 914 2554 bellum
933 2473 1123 2580 oppressi?
1146 2479 1206 2550 An
1237 2475 1337 2550 illud
1359 2477 1540 2552 mentitus
1558 2503 1658 2554 sum:
1687 2482 2007 2567 ,Ofortunatam

604 2619 738 2680 natam
770 2627 832 2678 me
856 2598 1012 2676 consule
1041 2599 1249 2691 Romam'’;
1277 2597 1345 2702 qui
1371 2613 1522 2676 tantum
1550 2601 1776 2681 intestinum
1804 2607 1950 2688 bellum
1970 2631 2009 2690 et
2074 2659 2078 2668 ·

447 2814 453 2823 ¹
575 2724 855 2812 3domestieurn
876 2721 979 2798 urbis
999 2719 1225 2810 incendium
1242 2719 1402 2795 exstinxi
1423 2723 1438 2796 l
1463 2721 1593 2825 Neque
1609 2739 1646 2802 te
1671 2726 1728 2802 tui
1749 2729 1866 2836 piget,
1889 2732 2008 2814 homo

591 2847 826 2937 'levissume,
858 2873 947 2921 cum
976 2869 1020 2920 ea
1052 2842 1204 2945 culpas,
1229 2867 1316 2944 quae
1343 2841 1386 2918 in
1408 2839 1574 2922 historiis
1594 2847 1690 2926 mibi
1708 2851 1843 2956 vgloriae
1869 2855 2009 2935 ducis?

603 2977 664 3050 An
686 2972 839 3076 turpius
856 2985 927 3059 est,
951 2969 1078 3044 Patres
1093 2964 1314 3070 conscripti,
1326 2963 1555 3044 scribentem
1574 2974 1751 3064 mentiri,
1766 3004 1884 3080 quam
1894 2981 2008 3058 illum

600 3098 733 3204 palum
754 3093 828 3172 boc
849 3092 983 3168 ordine
1004 3089 1219 3166 dicentem?
1256 3088 1371 3180 Nam,
1395 3090 1504 3192 quod
1526 3091 1568 3168 in
1592 3111 1742 3172 mtatem
1766 3099 2007 3206 increpuisti,

600 3237 758 3295 tantum
775 3243 840 3292 me
860 3215 983 3290 abesse
1006 3227 1102 3317 puto
1123 3213 1172 3288 ab
1193 3210 1458 3316 impudicitia,
1479 3234 1678 3318 quantum
1699 3235 1742 3298 tu
1757 3249 1785 3298 n
1810 3225 2006 3328 pudicitia.

604 3343 677 3418 Sed
706 3339 802 3445 quid
823 3365 890 3444 ego
913 3337 1018 3413 dete
1040 3335 1154 3440 plura
1181 3335 1345 3437 quereri
1370 3333 1478 3431 Quid
1499 3340 1604 3414 enim
1625 3345 1778 3420 mentiri
1803 3363 1914 3452 turpe
1937 3352 2008 3426 du.

605 3489 680 3551 ces,
712 3463 781 3564 qui
809 3459 907 3535 mibi
936 3459 1124 3536 amussis
1152 3455 1412 3562 eloquentiam
1440 3461 1498 3535 uti
1525 3461 1663 3541 uitium
1693 3467 1874 3560 obiicere,
1899 3473 2007 3550 cuius

603 3611 751 3688 semper
783 3607 924 3657 nocens
951 3581 1084 3684 eguisti
1119 3581 1359 3685 patrocinio?
1414 3585 1477 3658 An
1508 3585 1637 3664 ullum
1664 3590 1866 3670 existumas
1902 3617 2015 3700 posse

499 3699 505 3705 ’
604 3709 688 3786 fieri
711 3707 832 3784 civem
854 3701 1061 3809 egregium,
1086 3703 1155 3803 qui
1176 3730 1256 3779 non
1277 3701 1336 3778 bis
1359 3704 1505 3784 artibus
1524 3725 1563 3784 et
1581 3709 1792 3817 disciplinis
1809 3716 1859 3791 sit
1879 3710 2010 3796 erudi·

604 3929 738 4011 erere
754 3929 849 3991 eoo.
870 3927 928 3986 aaa
943 3923 1022 3984 urta.
1042 3921 1102 3982 aas
1116 3920 1192 3985 aaa
1212 3920 1292 3986 tere.
1308 3945 1334 3984 ο.
1354 3925 1782 3994 terramtenus...
1800 3935 1876 4018 cap.
1892 3941 1921 4001 s.
1951 3962 2006 4004 noc

605 4037 757 4116 quedemte
768 4033 814 4093 tui
829 4031 913 4091 leid.
921 4052 950 4092 e.
963 4023 1108 4090 neotemr'
1121 4024 1189 4086 libri
1199 4047 1217 4084 e
1225 4025 1334 4106 Popmt
1343 4029 1463 4093 undat.
1485 4051 1556 4092 num
1568 4035 1639 4114 quid
1649 4047 1677 4097 te
1695 4040 1740 4098 tui
1752 4043 1817 4106 alii.
1834 4044 1890 4104 boc
1901 4047 2007 4107 ordine

605 4163 667 4203 om.
675 4139 754 4200 Gud.
775 4136 847 4217 quid
862 4136 896 4195 in
908 4143 999 4194 anot.
1013 4132 1124 4212 inerep.
1145 4129 1225 4190 Gud.
1236 4129 1325 4190 Rem.
1340 4133 1430 4196 Editt.
1449 4147 1507 4198 ret.
1528 4137 1562 4198 in
1569 4157 1666 4200 meam
1674 4152 1798 4206 malem
1812 4145 1864 4208 Ac.
1884 4152 1964 4228 quod
1974 4151 2007 4209 in

606 4255 695 4308 oetot.
705 4243 818 4304 Leide.
833 4240 894 4306 Base
903 4248 987 4319 turpe
1000 4235 1083 4298 ducti
1101 4233 1182 4299 leid.
1193 4255 1220 4300 c.
1236 4234 1298 4294 Bu.
1313 4256 1422 4299 uocem
1435 4240 1548 4319 eguisti.
1559 4244 1707 4305 om.Gud.
1720 4250 1906 4312 erudirem
1919 4263 2008 4332 atque

605 4347 754 4412 mortua
764 4344 844 4407 Leid.
853 4341 984 4419 cjilr'om
990 4360 1095 4404 meum.
1105 4357 1247 4421 pronum.
1260 4359 1321 4400 om.
1329 4327 1420 4407 boet
1429 4341 1508 4404 Glar.
1518 4341 1595 4408 cod.
1606 4350 1906 4436 multernseplurimi
1913 4355 2007 4418 Curtii
