4542 5318
616 357 687 428 282

601 531 831 621 nobilium:
857 527 1135 634 rempublicam
1151 551 1279 603 ceram
1297 523 1581 639 habetpneque
1595 543 1737 604 terrore
1755 553 1881 628 neque
1902 527 2023 632 gratia

620 671 861 734 removetur:
892 653 1011 728 Aliud
1044 675 1132 727 vero
1162 649 1331 726 amicitia
1355 667 1421 726 tua
1445 677 1490 725 ac
1513 651 1633 726 virtus
1655 667 1709 726 est
1733 651 1863 726 animi.
1904 653 2025 724 Immo

523 807 525 810 ·
620 805 711 856 vero
736 777 854 852 bomo
881 773 1124 864 levissumus,
1148 773 1309 879 supplex
1336 772 1528 863 inimicis‚·
1552 773 1682 849 amicis
1709 775 2026 862 contumeliosus,

584 939 588 944 ·
622 900 737 978 modo
765 899 927 987 harum,
959 897 1076 974 modo
1106 897 1262 973 illarum
1282 896 1471 1000 partium,
1494 895 1593 972 lidus
1612 898 1779 988 nemini,
1810 899 2027 978 levissumus

622 1039 789 1112 senator,
824 1022 1079 1096 mercenarius
1102 1036 1308 1124 patronus,
1332 1019 1441 1094 cuiue
1470 1020 1579 1094 nulla
1600 1045 1687 1124 pars
1712 1024 1881 1124 corporis
1903 1049 1926 1097 a
1949 1041 2028 1100 tur-

623 1137 802 1250 pitudine
822 1160 957 1220 vacat:
984 1146 1116 1250 lingue
1135 1171 1252 1234 vana,
1276 1169 1414 1218 manus
1428 1141 1711 1245 rapacissumae‚
1729 1145 1817 1246 gulo
1837 1145 2028 1238 immensa,

623 1268 736 1374 pedes
755 1255 904 1372 fugaces
911 1301 925 1360 ;
949 1293 1035 1370 quae
1053 1266 1213 1342 honeste
1230 1265 1423 1341 nominari
1448 1291 1528 1340 non
1551 1282 1734 1369 possunt,
1763 1266 2031 1344 inhonestissu·

626 1417 700 1466 ma.
740 1394 865 1492 Atque
885 1391 933 1480 is,
954 1416 1043 1465 cum
1061 1389 1247 1465 eiusmodi
1267 1390 1334 1479 sit,
1359 1406 1487 1464 tamen
1511 1389 1627 1463 audet
1645 1388 1798 1466 dicere:
1822 1441 1839 1474 «
1855 1391 1891 1464 Ο
1910 1391 2030 1467 fortu-

627 1531 760 1590 natam
784 1529 915 1587 natam
935 1539 996 1587 me
1015 1515 1170 1589 consule
1189 1515 1397 1588 Romaml”
1433 1515 1487 1589 Te
1511 1512 1666 1586 consule
1689 1511 1943 1602 fortunatam,
1970 1511 2031 1591 Ci-

628 1638 744 1712 cerol
765 1637 883 1710 immo
901 1663 990 1711 vero
1008 1636 1200 1712 infelicem
1228 1653 1266 1712 et
1287 1637 1485 1726 miseram,
1506 1660 1592 1738 quae
1619 1634 1930 1711 crudelissumam
1945 1663 2031 1740 pro-

631 1759 877 1862 scriptionem
905 1759 1049 1833 civium
1076 1785 1248 1862 perpessa
1270 1773 1342 1850 est3
1365 1786 1455 1834 cum
1484 1773 1550 1848 tu,
1574 1758 1797 1861 perturbate
1819 1759 2030 1862 republica,

630 1884 736 1956 rnetu
756 1881 944 1984 perculsos
968 1881 1091 1956 omnis
1108 1882 1229 1956 bonos
1247 1908 1380 1984 perere
1400 1879 1618 1955 crudelitati
1641 1895 1717 1954 tuae
1737 1882 1916 1984 cogebas;
1939 1909 2027 1957 cum

631 2005 759 2079 omnia
781 2003 941 2092 iudicia,
966 2027 1095 2078 omnes
1114 2002 1211 2104 leges
1233 2003 1277 2076 in
1299 2017 1366 2075 tua
1386 2001 1567 2076 lubidine
1587 2016 1711 2091 erant,
1736 2029 1826 2077 cum
1856 2021 1918 2094 tu,
1941 2006 2028 2080 sub-

594 2125 601 2141 '
632 2126 708 2200 lata
729 2126 970 2228 legePoruia‚
996 2141 1124 2228 erepto
1146 2122 1338 2213 libertate,
1365 2123 1540 2198 omnium
1555 2139 1730 2200 nostrum
1751 2124 1836 2198 vitot
1856 2130 2032 2230 necisque

604 2265 855 2354 ¹rpotestatem
878 2246 928 2321 ad
946 2261 986 2321 te
999 2273 1126 2320 unum
1146 2269 1390 2320 revocaveres.
1436 2249 1562 2348 Atque
1582 2274 1722 2349 parum
1748 2263 1817 2336 est,
1843 2249 1948 2349 quod
1967 2251 2033 2324 im-

633 2387 743 2473 pune
761 2369 908 2444 fecisti:
932 2393 1066 2442 rerum
1090 2367 1207 2441 etiam
1226 2367 1562 2444 commemorando
1582 2369 1805 2472 exprobras5
1832 2397 1956 2474 ncrpre
1988 2374 2033 2446 li-

634 2510 693 2568 cet
726 2491 896 2567 oblivisci
926 2489 1114 2565 servitutis
1141 2513 1226 2564 suae.
1274 2491 1428 2592 Egerio,
1449 2517 1520 2565 oro
1545 2505 1597 2579 te,
1634 2491 1783 2580 Cicero,
1807 2493 2034 2595 perfeceris,

635 2615 740 2717 quod
761 2614 895 2688 lubet.-
915 2613 1003 2688 satis
1023 2628 1095 2702 est,
1116 2637 1305 2718 perpessos
1326 2637 1400 2687 osse
1421 2643 1429 2685 ε
1456 2612 1624 2686 etiamne
1650 2639 1760 2687 aures
1780 2632 1924 2688 nostras
1948 2617 2035 2692 odio

638 2737 696 2811 tui
718 2737 917 2812 onerabis?
941 2735 1107 2813 etiamne
1124 2735 1402 2810 molestissimis
1422 2733 1543 2809 veritis
1563 2734 1793 2810 insectabere
1802 2740 1824 2810 l
1856 2789 1873 2822 α
1890 2738 2035 2814 Cedent

637 2888 741 2935 anna
763 2875 871 2962 togae,
898 2857 1083 2932 concedat
1104 2857 1234 2932 laureo
1256 2858 1423 2961 linguae!¹
1462 2856 1582 2953 Quasi
1604 2881 1698 2933 vero
1717 2874 1884 2963 togatus,
1905 2877 1943 2936 et
1956 2890 2035 2938 non

638 2997 819 3072 armatus,
844 3005 905 3070 eu,
929 3005 1015 3082 quae
1041 2979 1232 3083 gloriaris,
1265 2979 1493 3070 confeceris„
1526 2996 1641 3082 atque
1668 2981 1769 3056 inter
1792 2997 1846 3072 te,
1872 2983 2033 3060 Sullam·

638 3206 698 3265 irc.
709 3205 793 3264 Rem.
804 3201 866 3264 Bas.
875 3202 954 3262 leid.
967 3223 993 3264 o.
1014 3220 1083 3261 err-s.
1094 3212 1121 3262 et
1134 3200 1393 3281 visceribuuulgo.
1407 3197 1496 3260 coll.
1509 3196 1738 3278 Crassisomrlio
1749 3201 1811 3263 ta.
1824 3214 1904 3285 quat.
1913 3206 2035 3288 Popmae.

639 3327 741 3368 onrues
749 3307 852 3366 Cestii.
871 3326 909 3366 te
920 3302 1106 3370 stillarr'iex
1118 3306 1406 3386 coniecturalegitur.
1427 3303 1653 3364 illiuevr'rtutem
1662 3306 1778 3366 Leldec.
1798 3307 1861 3368 Bes.
1880 3309 2038 3372 simrtltotes

639 3411 720 3474 Laid.
731 3432 756 3469 c.
773 3411 823 3468 dc.
843 3410 1128 3492 srirultatemvulgo.
1150 3430 1240 3489 rampe
1256 3427 1362 3468 cerum
1381 3407 1483 3482 idem,
1502 3415 1627 3488 qrntrror
1639 3406 1742 3468 Cottii.
1759 3430 1827 3491 pop.
1844 3434 1918 3472 rom.
1936 3433 2039 3474 curam

555 3589 559 3602 ι
639 3515 745 3592 vulgo..
756 3485 856 3588 gratiis
866 3523 1026 3572 removetur
1035 3513 1113 3572 Gud.
1125 3516 1183 3572 inc.
1198 3516 1253 3572 Ae.
1264 3512 1362 3570 Guell.
1375 3509 1437 3575 Bo.
1457 3518 1654 3571 commovetur
1666 3515 1766 3578 ceteri.
1783 3515 1867 3575 alritd
1883 3520 2039 3578 vaccini-

639 3616 716 3675 ruia
730 3623 847 3672 tamum
861 3633 898 3671 oc
912 3614 1004 3674 virtus
1027 3627 1067 3675 est
1083 3616 1179 3674 animi
1198 3616 1260 3675 Bas.
1281 3614 1478 3695 Oudendorp.
1500 3614 1565 3673 inc.
1580 3613 1669 3675 ilem.
1685 3615 1732 3675 itt·
1748 3638 1818 3680 vero
1836 3621 1970 3682 amicitia
1989 3632 2040 3684 tuo

638 3741 675 3786 oc
689 3722 782 3780 virtus
794 3727 848 3779 etet
869 3717 970 3780 Goell,
992 3716 1020 3774 ei
1033 3737 1102 3777 vero
1111 3719 1260 3778 amicitiae
1270 3727 1388 3778 tontum
1403 3737 1445 3777 oo
1454 3715 1546 3778 virtus
1558 3725 1598 3777 est
1610 3717 1714 3776 animi
1724 3719 1774 3785 Ac.
1796 3742 1833 3782 ac
1848 3723 1945 3782 αηίιηί
1951 3735 1992 3785 est
2007 3746 2039 3787 re

638 3805 730 3886 uirtus
750 3823 830 3884 Lei'd.
852 3845 878 3884 c.
900 3821 976 3880 illaad
995 3841 1069 3882 vero
1087 3824 1187 3902 uulgo.
1208 3819 1748 3900 etmiserrimomcrudelissumomquo
1766 3823 1864 3885 Guelf.
1888 3829 2038 3911 proscrip-

637 3929 746 4012 tionem
759 3929 874 3989 civium.
889 3925 995 3989 ciuium
1016 3946 1083 3991 om,
1098 3923 1215 3987 Laide.
1237 3925 1296 3982 inc.
1317 3921 1414 3981 Guell.
1434 3921 1492 3987 Ae„
1500 3943 1627 4002 precam
1642 3921 1704 3983 Bas.
1716 3926 1896 3996 llem.,God.„
1907 3934 2040 3994 amrium

638 4044 806 4094 nostrorum
820 4031 895 4091 vitm*
908 4029 991 4096 eud
1007 4028 1058 4091 Ao.
1079 4029 1165 4090 Rem.
1184 4065 1225 4080 -
1247 4025 1320 4109 Cup.
1332 4041 1366 4100 4,
1381 4026 1464 4105 arqui
1475 4047 1584 4107 porum
1604 4027 1687 4087 Laid.
1710 4053 1735 4096 o.
1754 4053 1863 4112 portam
1883 4039 1964 4114 quod
1981 4036 2041 4098 ἰηι-

634 4159 712 4218 pune
730 4137 791 4197 Bas.
812 4135 940 4198 obliuisci
955 4133 1017 4196 tut
1030 4135 1111 4194 Leid.
1127 4155 1153 4196 o.
1174 4135 1233 4198 inc.
1255 4132 1301 4193 tis
1316 4131 1372 4196 obl.
1394 4130 1473 4188 Gud.
1493 4129 1555 4191 ott,
1564 4131 1621 4211 piis
1639 4134 1700 4192 aliie
1721 4154 1812 4213 neque
1832 4138 1878 4198 tis
1898 4139 1964 4200 licet
1982 4139 2036 4202 dc.

636 4241 776 4306 motato
794 4251 850 4300 ture
864 4237 960 4301 Gnell.
981 4241 1114 4301 onerabis
1131 4239 1206 4301 odio
1216 4247 1272 4298 tuo·
1282 4233 1511 4302 Cod.‚0udond.
1531 4254 1617 4296 aures
1633 4244 1703 4297 tuas.
1713 4239 1786 4300 odio
1804 4243 1938 4304 onerabis
1949 4242 2034 4328 Rom.
