4560 5338
519 615 567 689 ‘si
589 614 696 718 cupis
720 615 894 719 ignotum
917 609 1282 718 Iugurthaenoscere
1299 615 1429 705 letum,
1539 610 1544 620 ’

522 739 675 842 Tarpeii
695 737 835 812 montis
848 735 981 841 pulsus
1001 735 1051 810 ad
1071 736 1145 810 ima
1164 737 1251 812 ruit.

410 859 469 934 Ad
490 861 633 937 calcem
655 863 786 938 tabula
807 857 1054 966 geographica
1078 858 1265 950 subiecta,
1291 861 1361 935 ubi
1379 861 1473 938 situs
1483 862 1597 952 Asiae,
1618 862 1719 939 Afri·

313 1006 365 1056 cae
386 998 423 1057 et
442 985 606 1088 Europae
627 1012 697 1089 pro
717 985 836 1059 aetatis
858 983 960 1058 illius
981 983 1137 1059 scientia
1158 983 1366 1088 descriptus
1387 1002 1449 1061 est.
1481 986 1627 1061 Eadem
1641 986 1719 1062 sor·

311 1131 373 1180 ma
400 1107 573 1183 tabulam
592 1109 634 1183 in
661 1107 749 1185 Cod.
771 1106 948 1184 Bernensi
971 1110 1034 1181 111.
1058 1107 1289 1182 delineatam
1314 1109 1452 1185 inveni.
1502 1113 1718 1215 Utrumque

312 1228 492 1305 Codicem
509 1235 555 1308 V.
565 1233 613 1306 1).
628 1231 837 1334 Hufnagel,
851 1230 911 1303 vab
928 1229 1100 1306 Harlesio
1118 1247 1283 1335 rogatus,
1305 1258 1395 1307 cum
1414 1232 1582 1308 editione
1594 1233 1718 1337 Brieg·

312 1349 422 1442 labii,
448 1354 577 1455 quiin
592 1369 697 1428 textu
716 1352 945 1428 recensendo
965 1353 1140 1429 Cortium
1155 1368 1305 1428 secutus
1322 1371 1423 1442 erat,
1448 1355 1622 1429 contulit
1648 1360 1717 1431 Po-

309 1491 386 1548 stea
400 1474 593 1550 Harlesius
610 1477 689 1578 ipse
703 1477 909 1550 maximam
921 1475 1096 1550 Catilinae
1106 1491 1255 1579 partem
1268 1476 1515 1567 examinavit,
1527 1494 1565 1552 et
1577 1478 1719 1552 utrius*

310 1623 386 1699 que
407 1597 553 1672 Codicis
568 1597 746 1671 lectiones
770 1623 859 1671 cum
882 1598 1071 1672 Cortianis
1094 1598 1336 1700 comparavit
1381 1598 1453 1672 Sed
1475 1600 1717 1700 paucissimas

309 1720 482 1822 proprias
498 1720 687 1809 lectiones,
704 1735 743 1794 et
756 1720 806 1794 ab
816 1719 1039 1822 Erlangensi
1052 1720 1281 1824 plerumque
1297 1745 1357 1796 eas
1374 1736 1534 1795 servatas
1549 1720 1715 1813 invenit,

310 1867 403 1945 quas
420 1843 568 1917 Cortius
580 1841 690 1917 falsas
704 1867 779 1918 esse
792 1841 987 1920 iudicavit.
1022 1846 1147 1918 Pauca
1160 1843 1295 1919 veteris
1311 1840 1593 1947 orthographiae
1605 1845 1716 1920 vcsti-

307 1965 386 2069 gia3
399 1966 440 2041 in
447 1968 540 2070 Teg.
558 1994 587 2042 e.
599 1995 651 2071 gr.
663 1967 926 2056 adulescentia,
940 1965 982 2040 in
992 1965 1069 2039 Erl.
1081 1967 1215 2042 cotidie
1235 1966 1382 2068 legitur.
1406 1968 1454 2041 In
1471 1966 1604 2042 eodem
1619 1968 1714 2058 ordo

310 2105 347 2164 et
360 2105 553 2165 structura
571 2091 848 2167 vocabulorum
869 2087 1068 2192 evulgatis
1086 2088 1194 2162 libris
1209 2105 1247 2164 et
1263 2089 1345 2189 Mss
1363 2091 1562 2202 celsissime
1577 2090 1715 2173 discre-

308 2227 383 2315 pat.
423 2213 633 2316 Aliquoties
654 2213 841 2307 recentior
857 2237 994 2286 manus
1008 2212 1124 2286 aliam
1143 2212 1319 2315 adpinxit
1332 2212 1544 2288 lectionem.
1569 2217 1715 2292 Lectio·
1773 2281 1775 2288 ,

295 2361 374 2412 xnes
386 2337 591 2441 exemplari
605 2337 865 2441 Brieglebiano
879 2336 1303 2438 adscriptas,Harlesius
1324 2337 1366 2411 in
1387 2336 1573 2430 editione,
1596 2366 1715 2442 quam

307 2459 490 2560 parabat,
505 2460 744 2534 excudendas
755 2459 910 2534 curavit
938 2457 1234 2563 Orthographioe
1247 2475 1374 2534 tamen
1393 2460 1615 2537 varietatem
1627 2463 1714 2554 ubi-

309 2605 385 2683 que
396 2597 530 2656 notare
539 2581 874 2686 parumidoneum
890 2580 1011 2654 duxit
1050 2580 1123 2656 Sed
1141 2582 1219 2684 ipse
1231 2581 1423 2686 Hufnagel
1445 2583 1489 2658 in
1512 2585 1713 2662 Codicibus

308 2703 572 2780 examinandis
588 2731 728 2807 parum
749 2702 952 2806 diligenter
972 2703 1085 2808 egisse
1105 2701 1203 2777 mihi
1227 2702 1388 2779 ridetur.
1430 2705 1477 2778 Id
1498 2707 1603 2806 quod
1624 2735 1715 2784 cum
1763 2797 1767 2803 ,

309 2844 421 2903 antea
436 2827 646 2931 suspicatus
660 2852 794 2914 essem,
813 2825 926 2928 quia,
950 2835 1092 2928 (quem
1106 2824 1284 2900 Codicern
1303 2851 1326 2899 a
1339 2826 1527 2902 Cottianis
1542 2827 1716 2904 lectioni·

310 2951 382 3026 bus
403 2952 565 3027 maxime
585 2948 790 3026 abhorrere
808 2949 956 3024 dixerat
974 2946 1188 3040 Harlesius,
1214 2947 1244 3022 is
1264 2948 1417 3051 saepius,
1448 2967 1640 3052 qrrantum
1670 2978 1716 3030 ex

313 3076 494 3151 vaiietate
506 3073 677 3150 lectionis
690 3073 903 3149 coniectare
912 3070 1069 3160 licebat,
1082 3070 1347 3146 audacissimas
1360 3071 1464 3147 illius
1481 3075 1716 3152 coniecturas

312 3198 464 3274 firmare
490 3199 716 3286 videbatur)
741 3243 793 3258 -
819 3213 902 3272 tum
928 3221 1021 3270 cura
1048 3193 1120 3269 viri
1145 3193 1411 3268 humanissimi
1437 3195 1714 3286 Doederleinii,

312 3322 381 3424 qui
406 3322 550 3397 litteras
569 3321 720 3395 Graecas
738 3337 854 3422 atque
873 3319 1026 3394 Latinas
1043 3318 1085 3390 in
1103 3316 1306 3391 Academia
1334 3316 1558 3420 Erlangensi
1580 3317 1716 3412 docet,

312 3445 457 3521 sactum
485 3462 554 3546 est,
590 3460 637 3519 ut
656 3441 757 3518 hanc
784 3469 863 3517 rem
890 3456 1125 3544 compertam
1142 3437 1331 3514 haberem.
1372 3439 1444 3514 Sed
1461 3440 1718 3547 negligentiae,

291 3569 421 3668 ,cuius
449 3568 568 3644 Hufn.
595 3583 812 3671 suspectum
831 3563 971 3653 habui,
1003 3561 1086 3639 hoec
1114 3579 1206 3638 sunt
1228 3561 1423 3666 exempla:
1458 3564 1500 3638 in
1527 3566 1715 3670 Iugurtha

312 3721 341 3768 c.
370 3717 397 3766 1.
423 3692 575 3798 Erlang.
594 3691 735 3780 habet,
760 3695 824 3794 qui
841 3689 893 3763 ad
907 3691 1067 3790 gloriam
1079 3729 1136 3746 -
1146 3687 1309 3786 fortuna
1321 3693 1529 3790 -,quippe
1556 3715 1644 3792 quoe
1667 3725 1714 3749 -·

310 3809 527 3916 probitatem
548 3807 598 3882 4-
623 3821 762 3913 eripere
787 3819 957 3918 cuiquam
990 3857 1042 3873 -
1066 3817 1232 3886 inerciam
1267 3811 1534 3909 uoluptates-
1581 3830 1717 3910 tempus

316 3946 436 4016 cautis
454 3946 634 4042 ingerr-
667 3964 699 4011 2.
725 3957 760 4013 et
785 3939 862 4010 alia
883 3941 1006 4011 omnia
1027 3934 1278 4009 huittscemodi
1304 3979 1356 3994 -
1395 3951 1431 4008 ct
1451 3939 1640 4035 ignaviam
1667 3983 1719 4001 .-

319 4067 350 4142 3.
373 4089 412 4140 se
421 4063 638 4166 fatigando.
663 4109 715 4124 -
732 4069 767 4155 4.
792 4059 952 4136 moribus
971 4063 1036 4163 qui
1058 4085 1133 4133 non
1151 4105 1200 4124 -
1217 4063 1368 4157 imperia
1380 4057 1546 4132 -atad
1560 4059 1719 4134 honores

322 4201 408 4277 etc,
433 4211 520 4289 quae
541 4185 670 4262 omnia
687 4200 820 4260 notare
837 4181 977 4258 omisit.
996 4183 1053 4255 Ex
1074 4181 1214 4283 quibus
1234 4179 1405 4285 colligas,
1427 4179 1540 4256 illum
1560 4207 1641 4256 non
1657 4208 1722 4272 ea,

317 4335 395 4414 qua
409 4335 481 4414 per
501 4323 572 4400 est,
596 4307 809 4412 diligentia,
836 4305 1006 4381 laborem
1028 4319 1245 4406 susceptum
1265 4300 1469 4406 perfecisse.
1501 4305 1592 4382 Hae'c
1610 4304 1720 4382 incu-

1270 4423 1296 4482 ’it
