4560 5338
1618 463 1689 514 XXV

284 627 376 694 tere,
416 615 584 712 araugis,
619 612 875 710 calphurnius,
901 616 1198 712 sagictariotam,
1224 613 1492 703 intolleranda,
1519 620 1687 718 opidum,

283 733 493 810 actrlbacre.
544 737 762 812 Basileensis
783 738 853 810 IV.
887 737 1045 810 Membr.
1068 736 1189 812 forma
1216 739 1404 840 quadrata
1429 742 1580 817 maiore.
1631 745 1689 818 Ex

283 855 515 933 Bibliotheca
542 858 813 934 d’Annoneana
833 859 875 933 in
888 861 924 932 B.
942 860 1141 934 Publicam
1162 841 1341 964 peruenit
1376 866 1628 941 Nitidissimus
1645 879 1690 942 et

281 981 576 1086 elegantissimus
603 983 702 1057 liber
724 983 930 1085 scriptura,
955 1009 1073 1085 quam
1100 985 1314 1060 Romanam
1331 987 1488 1080 dicunt,
1515 1006 1689 1066 exaratus

283 1122 345 1186 est.
381 1111 478 1182 Tam
506 1107 662 1212 insignis
693 1106 773 1180 eius
800 1105 1001 1209 splendor,
1027 1106 1144 1203 (nam
1163 1099 1340 1211 picturis,
1360 1113 1619 1210 emblematis,
1644 1115 1689 1188 li-

283 1232 403 1307 ueolis
421 1231 561 1318 aureis,
583 1229 718 1303 litteris
739 1229 864 1302 rubris
880 1245 917 1303 et
939 1255 1024 1332 quae
1041 1231 1115 1304 alia
1135 1231 1357 1310 huiusmodi
1375 1253 1466 1311 sunt
1487 1265 1690 1313 ornamen-

285 1373 341 1445 ta,
361 1355 465 1430 varie
481 1369 637 1427 ornatus
657 1353 734 1449 est)
761 1368 807 1425 ut
825 1377 914 1426 eum
935 1353 1077 1427 elibris
1092 1354 1345 1448 Budensibus,
1362 1385 1439 1434 aevo
1459 1362 1615 1462 quidem
1628 1387 1691 1437 re-

283 1479 453 1555 centiore
471 1476 535 1550 sed
556 1475 827 1579 elegantissime
839 1477 1002 1579 scriptis,
1018 1502 1093 1552 esse
1108 1479 1318 1582 suspicatus
1339 1481 1418 1556 sim.
1453 1485 1689 1588 Compendia

282 1603 481 1706 ‘scripturae
504 1625 626 1702 pauca
657 1614 696 1671 et
722 1597 922 1672 intellectu
944 1599 1128 1673 facillima
1148 1627 1158 1691 ;
1193 1603 1319 1703 glossis
1340 1605 1498 1705 quidem
1519 1634 1599 1680 non
1628 1633 1690 1681 ca-

283 1744 353 1816 ret,
370 1741 407 1799 et
429 1723 477 1797 ab
498 1722 610 1796 initio
627 1720 807 1794 librarius
824 1748 905 1796 non
926 1721 1014 1796 satis
1036 1721 1196 1826 diligens
1215 1723 1327 1800 fuisse
1344 1727 1510 1822 videtum
1534 1730 1599 1804 sed
1617 1731 1689 1806 sub

192 1910 193 1914 ,
282 1849 400 1924 finem
417 1845 616 1950 saepissime
632 1845 794 1948 optimas
815 1843 993 1919 lectiones
1009 1843 1173 1935 exhibet,
1198 1847 1252 1921 ita
1269 1866 1315 1924 ut
1327 1847 1439 1925 *hunc
1459 1851 1604 1926 librum
1629 1879 1690 1928 ac-

286 1971 454 2050 curatius
474 1969 670 2044 excussisse
687 1994 826 2069 magno
845 1965 944 2042 mibi
958 1968 1045 2042 usui
1058 1966 1182 2043 fuerit.
1206 1973 1265 2044 Ita
1284 1971 1488 2076 inscriptus
1505 1991 1575 2049 est:
1590 1976 1690 2052 Cris-

278 2104 322 2197 pi
333 2098 482 2174 Salustii
503 2095 550 2168 de
567 2098 819 2178 coniuratione
833 2091 1005 2168 Caritnae
1023 2098 1148 2191 incipit
1153 2093 1345 2192 faeliciter.
1371 2097 1422 2169 Et
1438 2098 1487 2171 ab
1506 2098 1689 2173 initiolu-

281 2219 456 2326 gurthae:
485 2219 605 2316 Crispi
621 2217 772 2292 Salustii
790 2217 1027 2292 Protemiam
1042 2216 1091 2291 tle
1113 2217 1209 2291 bello
1230 2220 1311 2322 lug.
1337 2226 1405 2296 inc.
1415 2221 1506 2322 foel.
1544 2225 1592 2296 In
1612 2221 1689 2298 fine

282 2343 364 2420 hoec
388 2323 590 2448 leguntur:
1353 2371 1356 2376 ·

397 2469 475 2544 Sex
494 2468 676 2567 Iugurtha
696 2468 775 2542 dies
790 2485 999 2565 perorassem
1024 2492 1173 2543 caram
1198 2469 1332 2544 Romae

399 2591 633 2689 Spectarunt3
657 2607 690 2662 te
712 2589 948 2687 dirafames,
972 2592 1146 2664 scelerate
1158 2598 1326 2686 peremit3

403 2713 453 2788 Ut
467 2715 692 2786 Plutarchus
708 2717 780 2800 ait,
802 2717 887 2785 ceri
904 2712 1157 2787 celeberrimas
1175 2731 1312 2786 auctor.

358 2835 447 2910 Cod
466 2836 749 2910 Basileensisll.
775 2833 837 2930 (lt
860 2837 922 2909 lV.
941 2838 996 2922 I.)
1018 2832 1194 2910 Chartae.
1214 2834 1276 2908 iol.
1295 2835 1468 2910 maximis
1482 2837 1690 2914 Catilinam

284 2959 464 3034 continet.
513 2958 663 3038 Litterae
682 2957 847 3031 initiales
870 2957 1031 3061 picturis
1053 2975 1092 3032 et
1120 2957 1355 3032 emblematis
1377 2976 1540 3048 omatae,
1565 2962 1689 3065 serip-

285 3100 371 3158 tura
403 3081 588 3172 Gothica‚
613 3081 740 3186 glossae
766 3081 868 3155 inter
893 3081 1012 3156 lineas
1029 3097 1067 3155 et
1088 3081 1132 3154 in
1159 3081 1330 3185 margine
1358 3081 1557 3186 adscriptae
1577 3083 1689 3160 baud

284 3207 452 3282 eiusdem
474 3206 639 3280 auctoris
657 3231 732 3280 esse
747 3200 935 3280 videntur.
973 3203 1155 3298 Quamvis
1169 3229 1254 3279 saec..
1268 3206 1369 3278 ΧΙΠ.
1382 3203 1442 3278 vel
1455 3207 1555 3282 XIV.
1570 3207 1689 3310 scrip·

285 3346 363 3419 tus,
378 3329 514 3433 saepius
534 3328 707 3404 meliores
729 3329 926 3418 lectiones,
958 3327 1146 3429 imprimis
1168 3327 1245 3400 Bas
1262 3326 1377 3428 primi
1403 3343 1541 3403 tuetur.
1578 3315 1689 3406 Anti-

285 3454 399 3556 quior
415 3451 606 3527 soribendi
620 3451 717 3525 ratio
744 3452 785 3524 in
806 3451 937 3555 paucis
958 3475 1146 3552 expressa,
1165 3448 1313 3552 duplex
1330 3457 1344 3524 i
1363 3452 1497 3552 saepius
1504 3482 1538 3556 y
1555 3454 1689 3530 scribi·

284 3591 367 3651 tur:
382 3602 431 3652 re
455 3592 494 3650 et
516 3575 733 3650 comnibus
762 3574 838 3650 fere
869 3573 962 3648 locis
993 3589 1165 3662 mutata,
1199 3600 1220 3647 o
1250 3590 1294 3648 et
1315 3593 1332 3648 t
1350 3575 1411 3649 vix
1436 3575 1689 3672 discerneres,

284 3701 407 3775 multa
437 3725 592 3802 quoque
616 3698 813 3800 scripturae
833 3697 971 3770 menda
994 3697 1144 3784 insunt,
1170 3697 1371 3799 aliquoties
1388 3717 1570 3774 correcta.
1604 3705 1688 3778 Bas.

286 3825 364 3897 III.
390 3822 681 3919 (F.V111.s.)ita
701 3820 904 3924 inscriptus
924 3837 998 3896 est:
1023 3820 1174 3895 Salustii
1189 3821 1280 3896 liber
1295 3828 1436 3920 primus
1454 3824 1690 3902 Catilinarius
1785 3881 1793 3888 -

285 3951 416 4045 incipit
438 3943 614 4020 Chartae.
635 3944 757 4019 forma
778 3943 986 4046 quadrata,
1006 3969 1032 4016 a
1053 3943 1243 4018 monacho
1265 3944 1396 4048 alirpro
1408 3971 1487 4021 saec.
1503 3949 1601 4022 XIV.
1623 3973 1690 4024 seu
1780 4039 1783 4044 Ι

284 4071 365 4145 XV.
389 4085 581 4160 exaratus,
613 4085 676 4152 tot¹
698 4069 895 4170 scripturae
917 4065 1151 4170 compendiis
1179 4085 1224 4142 ut
1241 4070 1357 4144 uerba
1382 4051 1463 4144 non
1491 4086 1569 4144 tam
1593 4097 1690 4146 ocu-

286 4193 332 4268 lis
354 4195 646 4299 dignoscantur,
670 4219 787 4296 quam
808 4191 1028 4266 coniectura
1054 4191 1284 4293 assequenda
1301 4192 1394 4266 sint
1429 4191 1561 4289 Quane
1579 4192 1689 4272 ,hunc

1231 4341 1264 4426 l(
