4570 5316
1550 400 1557 414 ¹
1631 423 1700 522 195

299 633 337 686 se
372 605 614 712 intellegitur.
664 599 737 678 Sed
766 599 871 703 quia·
886 596 1026 675 divorsi
1055 596 1277 687 redeuntes,
1292 577 1390 672 alius
1415 598 1465 672 ab
1487 598 1562 674 alia
1584 617 1713 704 parte.

299 747 414 834 atque
435 753 564 805 omnes
578 727 681 803 idem
697 723 983 830 significabant5
1008 709 1149 798 Consul
1168 721 1361 810 incertus,
1385 747 1557 823 quonam
1584 725 1699 800 modo

298 855 418 930 aciem
440 855 671 940 instrueret,
692 847 804 924 nullo
825 845 960 922 ordine
985 858 1240 933 commutato,
1265 834 1467 918 advorsum
1482 845 1612 920 omnia
1633 875 1701 951 pa·
1737 903 1740 912 .

301 983 422 1067 r'atus,
444 977 587 1052 ibidem
606 972 812 1078 opperitur.
863 972 921 1042 Ita
936 965 1164 1069 Iugurtham
1174 964 1256 1070 spes
1271 964 1468 1055 frustrata,
1488 968 1557 1068 qui
1573 971 1701 1073 copias

301 1103 343 1178 in
361 1117 533 1206 quatuor*
546 1108 672 1203 partes
686 1094 949 1182 distribuerat,
974 1107 1080 1166 ratus
1103 1116 1150 1166 ex
1166 1088 1345 1164 omnibus
1359 1112 1468 1192 aeque
1484 1089 1631 1192 aliquos
1651 1095 1700 1167 ab

303 1243 405 1330 tergo
436 1223 606 1300 hostibus
637 1235 824 1294 venturos.
882 1213 1043 1289 Interim
1070 1211 1206 1302 Sulla,
1230 1237 1347 1314 quem
1373 1211 1545 1314 primum
1577 1211 1701 1289 hostes

301 1350 531 1452 adtigeram,
555 1341 774 1419 cohortatus
795 1363 896 1420 suos,
914 1336 1113 1411 turmatim
1130 1351 1170 1411 et
1188 1360 1307 1436 quam
1321 1360 1497 1409 maxume
1520 1335 1707 1410 confertis-¹

301 1472 406 1574 cquis
421 1469 500 1572 ipsc
520 1466 663 1567 aliique
692 1463 846 1537 Mauros
872 1459 1084 1534 invadunt:
1110 1457 1223 1532 ceteri
1249 1457 1291 1529 in
1310 1455 1404 1529 ‘loco
1428 1475 1623 1532 manentes
1648 1460 1699 1532 ab

304 1593 435 1670 iaculis
452 1590 602 1666 eminus
620 1586 759 1662 emissis
775 1610 933 1687 corpora
950 1599 1072 1686 tegere
1088 1597 1144 1669 et,
1163 1579 1277 1681 siqui
1298 1577 1340 1651 in
1354 1605 1491 1653 manus
1506 1599 1699 1670 venerant,

302 1721 537 1794 obtruncare.
585 1713 692 1784 Dum
714 1705 890 1782 eomodo
909 1705 1054 1807 equites
1075 1700 1319 1805 praeliantur',
1344 1701 1513 1778 Bocchus
1530 1729 1619 1777 oum
1634 1729 1699 1805 pe-

301 1840 570 1938 ditibus,quos
583 1832 715 1909 Volux
733 1828 834 1904 lilius
853 1829 932 1903 eius
953 1824 1178 1913 adduxerat,
1200 1823 1341 1926 (neque
1356 1823 1397 1897 in
1415 1823 1544 1927 priore
1557 1849 1698 1930 pugna,

301 1967 343 2040 in
361 1963 496 2038 itinere
515 1955 674 2046 morati,
699 1952 938 2049 adsuerant)
963 1965 1192 2053 postremam
1216 1949 1477 2021 Romanorum
1494 1947 1614 2023 aciem
1640 1950 1700 2022 in-

301 2087 456 2164 vadunt
492 2085 593 2156 Tum
609 2076 753 2154 Marius
770 2075 875 2180 apud
886 2073 1034 2178 primos
1051 2071 1206 2175 agebat,
1225 2069 1330 2171 quod
1343 2068 1399 2143 ibi
1410 2069 1596 2174 Iugurtha
1609 2097 1699 2146 cum

185 2315 194 2324 ἱ
302 2209 478 2320 plurimis
496 2221 585 2281 eret
634 2201 737 2278 Dein
754 2197 939 2286 Numida,
958 2195 1109 2300 cognito
1127 2191 1266 2268 Bocchi
1281 2191 1465 2281 adventu,
1491 2194 1592 2267 clam
1609 2219 1699 2268 cum

187 2411 189 2416 ,
304 2335 433 2442 paucis
453 2330 503 2406 ad
519 2327 667 2433 pedites
681 2322 902 2398 convortit':
928 2319 984 2393 ibi
1007 2318 1142 2392 Latine
1175 2315 1298 2412 (nam
1316 2314 1424 2418 apud
1451 2316 1701 2394 Numantiam
1740 2385 1744 2388 .

303 2457 410 2562 loqui
426 2451 633 2547 didicerat)
658 2445 866 2522 exclamatz
894 2456 1066 2532 „nostros
1081 2438 1221 2512 frustra
1243 2464 1437 2541 pugnare3
1457 2440 1591 2540 paullo
1612 2457 1702 2515 ante
1744 2484 1748 2494 ·

302 2583 470 2659 Marium
498 2601 565 2651 sua
594 2595 715 2646 manu
743 2564 1032 2652 interfecmm;”
1054 2559 1170 2634 simul
1198 2557 1371 2660 gladium
1395 2563 1581 2661 sanguine
1605 2563 1702 2636 obli-

306 2724 390 2783 tum
422 2697 634 2786 ostendere,
668 2716 784 2796 quem
808 2685 1019 2791 inpugna,
1045 2680 1133 2756 satis
1157 2679 1318 2784 impigre
1340 2679 1461 2756 occiso
1482 2681 1610 2784 pedite
1633 2709 1702 2758 no-

301 2953 371 3014 pors
384 2931 427 2992 ito
436 2933 604 2989 comitatum
614 2917 744 2981 holmus
756 2914 853 2975 Guels.
865 2913 893 2974 3.
913 2906 1016 2970 omrdo
1029 2901 1192 2984 reipublice
1212 2903 1299 2963 multi
1308 2922 1342 2962 ex
1350 2901 1540 2964 deterioribus
1549 2901 1640 2964 libris.
1659 2903 1704 2963 rei

301 3061 329 3118 p.
344 3039 432 3099 etiam
445 3033 508 3092 Bas.
524 3051 550 3088 r.

387 3161 459 3244 Cap.
488 3179 552 3219 ιοι.
581 3155 618 3214 ob
635 3153 740 3234 oppido
761 3165 883 3230 pmpos,
909 3165 971 3206 om.
991 3140 1060 3224 Teg.
1081 3138 1171 3222 Febr.¹
1185 3135 1254 3197 Tor.
1274 3135 1537 3222 intellegitursm.
1551 3154 1577 3194 ι.
1603 3132 1704 3213 igitur.

307 3269 484 3353 iugurtham
504 3261 657 3321 deteriores
675 3257 752 3317 lib'ri.
774 3255 816 3313 itu
837 3251 902 3328 Irtg'.
924 3248 1066 3308 meliores.
1094 3259 1173 3320 aque
1189 3239 1259 3318 aliq.
1285 3258 1365 3318 aque
1382 3259 1443 3303 om.
1464 3238 1549 3298 llam.
1571 3258 1596 3296 1.
1618 3237 1700 3299 lead

307 3377 380 3438 oiios
404 3373 465 3433 Bas.
480 3390 505 3432 1.
525 3366 629 3425 Franc.
651 3361 744 3421 leones
757 3357 927 3436 attigerant.
956 3341 1223 3412 tormentum.
1240 3364 1296 3424 pro
1313 3343 1467 3404 turmatim
1486 3341 1548 3404 Bas.
1560 3364 1586 3408 r.
1605 3351 1705 3405 cotor-

307 3481 395 3545 ontim
408 3475 506 3537 habet.
526 3469 637 3530 eminus
652 3463 742 3524 missis
763 3460 874 3523 Fab'ric.
894 3441 963 3536 l'eg.
984 3461 1013 3513 et
1030 3451 1056 3513 si
1068 3469 1125 3530 qua
1139 3449 1201 3508 Bas.
1215 3471 1240 3509 ι.
1257 3449 1475 3538 praeliarentur¹
1486 3448 1548 3508 Bas.
1561 3470 1586 3513 1.
1605 3449 1703 3510 Senat.

312 3611 337 3652 ι.
357 3583 445 3645 lead.
463 3579 565 3641 Vinar.
577 3594 603 3634 α.
624 3570 721 3630 Guelf.
737 3587 782 3626 ια.
803 3560 915 3625 Leidi.
928 3562 949 3618 1.
970 3555 1093 3618 Rem-3.
1114 3554 1218 3615 itinere
1236 3553 1347 3616 morati
1366 3554 1446 3632 (sine
1465 3554 1609 3635 praepos.)
1630 3558 1703 3621 Vin,

436 3709 461 3746 c.
481 3683 563 3764 Berg.
584 3677 721 3756 Guelfiy.
735 3691 780 3732 12.
801 3665 920 3728 Leide.
933 3686 973 3728 m.
997 3663 1084 3722 Palot.
1100 3661 1128 3720 5.
1149 3679 1189 3718 m.
1202 3680 1248 3740 pr.
1273 3681 1299 3725 ι,
1320 3679 1424 3723 msec.
1445 3658 1529 3718 Bem·
1543 3680 1569 3716 1.
1590 3657 1704 3717 invadit

314 3717 338 3752 ι.
358 3689 432 3750 Fran

184 3845 188 3858 .
308 3796 388 3858 tett.
399 3795 476 3852 lum.
488 3809 518 3853 n.
533 3783 639 3852 ’Basa
663 3779 760 3838 Turic.
780 3795 836 3856 pro
850 3773 929 3835 varia
945 3769 1089 3840 lectione,
1108 3765 1194 3825 Bern.
1216 3785 1241 3825 1.
1269 3765 1349 3844 opud
1362 3764 1475 3844 primos
1493 3763 1598 3840 agebat
1610 3761 1704 3838 -ptu-

312 3900 392 3962 rimis
409 3903 473 3956 erat
492 3894 531 3950 ita
546 3890 678 3970 plerique
690 3881 786 3942 Codd.
815 3899 862 3960 op.
877 3875 990 3957 primos
1003 3884 1068 3933 erat
1094 3873 1134 3930 ita
1149 3869 1264 3930 Gruter.
1286 3867 1398 3930 Fabric.
1418 3865 1487 3945 Teg.
1507 3863 1576 3922 Tur.
1596 3862 1663 3924 Son.
1678 3883 1704 3928 t.

308 4007 377 4068 Vin.
389 4023 414 4060 ι.
427 3997 524 4057 Guels.
540 4013 605 4056 rra.
619 3991 647 4050 6.
667 3987 748 4047 Leid.
760 3983 896 4046 hocloco
906 3978 1055 4045 rethom.
1066 3977 1133 4036 Sen.
1147 3995 1173 4034 a.
1195 3973 1296 4032 lleuss.
1313 3967 1448 4050 plurimis
1457 3967 1562 4046 agebat
1581 3965 1661 4026 Laid.
1673 3966 1704 4049 b·

312 4111 342 4172 d.
354 4129 382 4192 g.
392 4128 418 4165 e.
430 4104 450 4162 l.
460 4102 488 4164 k.
498 4105 520 4158 l.
541 4095 656 4156 Gruteri
671 4095 731 4152 eins
746 4094 813 4172 loco
828 4110 861 4148 ex
878 4087 980 4168 paucis
993 4082 1074 4142 libris
1093 4077 1222 4140 instabat
1241 4077 1298 4156 legi
1312 4076 1407 4145 iussit3
1428 4073 1469 4130 ite
1484 4071 1544 4132 ttrt
1563 4071 1665 4130 incert.
1675 4091 1704 4132 π.

311 4215 372 4274 Bas.
384 4212 413 4281 Δ.
435 4203 565 4284 agitabat
592 4201 675 4258 Rem.
688 4218 716 4257 a.
735 4197 841 4254 Vinar.
854 4212 882 4251 a.
909 4189 995 4248 Paria.
1008 4185 1038 4244 d.
1060 4183 1145 4241 Bern-
1157 4181 1187 4241 3.
1214 4182 1255 4239 od
1269 4178 1414 4239 Numant.
1434 4174 1546 4234 Fronto
1566 4173 1616 4233 Ex.
1634 4175 1706 4234 Elo-

313 4329 373 4382 cut.
393 4335 415 4374 s.
426 4335 455 4374 r.
476 4309 561 4367 ad.·.
572 4302 691 4363 oblitum
705 4305 852 4360 ostentans
870 4291 1004 4352 Priscian.
1021 4297 1067 4345 ιο.Ι
1080 4305 1108 4365 7.
1127 4283 1194 4343 501.
1214 4279 1313 4340 oordts
1330 4278 1481 4340 intendero
1500 4281 1589 4341 Pelet
1603 4299 1630 4339 a.
1650 4298 1706 4361 pro

1271 4405 1297 4464 *
1322 4437 1324 4442 .
