4570 5316
613 321 680 398 152

612 499 684 576 diis
707 496 915 586 faciundis,
942 521 1023 569 non
1046 493 1178 569 Groeta
1205 487 1386 566 facundia
1411 513 1535 590 neque
1551 485 1710 562 urbanis
1727 487 1926 564 munditiis
1941 514 2017 566 sese

609 622 779 698 exercuit
805 653 812 692 :
838 619 891 695 ita
909 619 1019 692 inter
1058 615 1149 689 artis
1172 614 1291 689 bonas
1319 611 1510 714 integrum
1541 609 1736 713 ingenium
1764 611 1868 687 brevi
1892 611 2019 690 adole·

609 747 671 821 vit.
721 747 821 848 Ergo
852 742 919 816 ubi
958 741 1129 842 primum
1162 736 1404 810 tribunatum
1431 733 1637 807 militarem
1667 761 1689 807 a
1716 735 1863 837 populo
1892 736 2016 839 petit,

610 868 803 973 plerisque
826 864 963 938 faeiem
981 861 1061 936 eius
1083 858 1364 966 ignorantibus,
1378 856 1490 932 facile
1516 873 1630 933 nctus
1657 883 1728 960 per
1748 857 1872 932 omnis
1897 859 2017 933 tribus

611 989 835 1066 declaratur.
875 983 1025 1058 Deinde
1044 984 1092 1056 ab
1118 1009 1162 1062 eo
1185 981 1408 1085 magistratu
1433 979 1554 1054 alium
1576 995 1661 1082 post
1681 979 1802 1054 alium
1817 979 1889 1056 sibi
1905 1009 2017 1086 pepe-

610 1112 681 1202 rit;
713 1134 935 1213 semperque
965 1106 1007 1180 in
1037 1104 1286 1208 potestatibus
1317 1129 1361 1178 eo
1389 1100 1504 1179 modo
1534 1102 1718 1206 agitabat,
1756 1119 1802 1177 ut
1833 1105 2016 1208 ampliore

611 1261 730 1338 quam
756 1231 907 1335 gerebat
931 1229 1069 1332 dignus
1097 1225 1310 1303 haberetur.
1356 1227 1501 1300 Tamen
1526 1225 1556 1300 is
1585 1225 1635 1301 ad
1666 1223 1707 1299 id
1733 1224 1907 1302 locorum
1932 1227 2016 1302 talis

600 1356 669 1432 vuir
682 1355 790 1454 (nam
805 1367 932 1457 postea
946 1350 1157 1426 ambitione
1175 1375 1341 1454 praeceps
1358 1347 1469 1424 datus
1484 1350 1554 1447 est)
1571 1347 1846 1450 [consulatum]
1866 1348 2016 1453 adpete-

610 1505 652 1556 re
678 1505 758 1553 non
782 1475 955 1550 audebat.
998 1473 1126 1548 Etiam
1148 1490 1232 1549 tum
1254 1472 1347 1549 alios
1371 1475 1611 1576 magistratus
1628 1471 1752 1576 plebs,
1776 1473 2016 1549 consulatum

610 1601 792 1680 nobilitas
811 1600 913 1674 inter
936 1623 973 1672 se
991 1623 1060 1699 per
1080 1622 1217 1672 manus
1238 1595 1419 1670 tradebat
1452 1595 1578 1669 Novus
1596 1621 1707 1669 nemo
1726 1611 1805 1669 tam
1817 1596 1941 1670 clarus
1950 1623 2015 1677 ne-

609 1753 685 1828 que
706 1741 786 1799 tam
805 1722 959 1826 egregiis
983 1720 1091 1794 factis
1114 1735 1209 1809 erat,
1237 1718 1334 1820 quin
1355 1717 1384 1790 is
1404 1716 1583 1820 indignus
1603 1717 1670 1792 illo
1694 1717 1841 1795 honore
1861 1735 1899 1794 et
1923 1747 2013 1823 qua-

560 1863 600 1942 tt
609 1851 641 1922 si
657 1847 829 1951 pollutus
850 1843 1067 1918 haberetur.
1117 1843 1240 1944 Igitur
1262 1841 1330 1914 ubi
1347 1839 1492 1913 Marius
1523 1837 1734 1944 haruspicis
1759 1841 1861 1917 dicta
1883 1843 2013 1920 eodem

610 1968 811 2046 intendere
830 1966 954 2054 videt,
981 1990 1060 2066 quo
1078 1962 1220 2066 cupido
1239 1962 1360 2052 animi
1378 1961 1626 2055 hortabatur;
1643 1962 1693 2036 ab
1710 1963 1862 2039 Metello
1878 1983 2012 2068 petun-

610 2093 651 2168 di
669 2091 788 2198 gratia
808 2089 1026 2163 missionem
1046 2101 1172 2189 rogat:
1193 2086 1256 2159 cui
1274 2111 1510 2187 quamquam
1522 2087 1658 2174 virtus,
1672 2084 1791 2188 gloria
1810 2104 1924 2190 atque
1940 2091 2008 2163 alia

509 2265 513 2268 -
612 2214 780 2320 optanda
795 2211 905 2286 bonis
927 2209 1178 2314 superabant,
1198 2225 1325 2282 tamen
1343 2208 1467 2290 inerat
1485 2224 1725 2310 contemptor
1741 2210 1892 2285 animus
1900 2229 2010 2288 etsu-

611 2337 760 2440 perbia,
786 2360 989 2409 commune
1018 2331 1229 2406 nobilitatis
1257 2331 1411 2404 malum.
1454 2333 1589 2432 Itaque
1609 2332 1782 2423 primum
1807 2353 2012 2412 commotus

612 2458 764 2535 insolita
784 2484 825 2532 re
846 2455 978 2531 mirari
1001 2455 1080 2528 eius
1106 2452 1310 2528 consilium
1333 2468 1370 2528 et
1397 2453 1506 2554 quasi
1526 2479 1595 2555 per
1613 2455 1820 2531 amicitiam
1847 2487 2010 2549 monere,

611 2609 661 2660 ne
688 2598 767 2656 tam
799 2606 916 2684 prava
950 2577 1157 2680 inciperet,
1183 2602 1261 2650 neu
1279 2601 1393 2680 super
1422 2576 1620 2650 fortunam
1649 2577 1823 2654 animum
1853 2601 2009 2686 gereret:

612 2733 693 2782 non
718 2703 848 2779 omnia
870 2701 1049 2776 omnibus
1068 2696 1265 2802 cupiunda
1287 2723 1383 2790 esse,
1408 2699 1544 2774 debere
1565 2699 1623 2774 illi
1646 2726 1702 2775 res
1722 2707 1913 2780 suas'satis
1935 2707 2009 2810 pla-

610 2879 678 2941 Ecc.
698 2878 765 2936 Seu.
781 2895 807 2934 2.
829 2875 929 2934 Hense.
950 2873 1019 2936 vin.
1030 2891 1056 2930 2.
1077 2868 1174 2929 Guell.
1193 2891 1217 2928 ι.
1234 2892 1261 2952 7.
1276 2871 1305 2930 6.
1317 2892 1362 2930 ιι.
1384 2870 1464 2936 leid.
1480 2893 1506 2932 c.
1519 2871 1634 2932 e.h.m.
1648 2892 1679 2932 n.
1702 2873 1836 2935 deterior.
1852 2878 1939 2944 Palat.
1961 2882 2006 2940 cfr.

611 2983 697 3044 Prisc.
709 2981 746 3042 X.
757 2981 785 3039 6.
797 2978 866 3060 499.
887 2981 912 3038 ls
927 2978 1007 3037 enim
1018 2975 1094 3036 alttts
1102 2974 1209 3055 probat
1219 2975 1269 3034 sed
1286 2975 1388 3035 addit:
1410 2978 1441 3036 in
1460 2977 1633 3057 quibusdam
1646 2990 1742 3066 autem
1758 2978 1915 3043 Codicibus
1927 2987 2007 3058 edam

612 3087 700 3148 alitus
723 3085 880 3146 invenitur.
910 3092 982 3141 cetos
1003 3080 1066 3140 mil.
1087 3089 1158 3140 ctas
1179 3100 1240 3162 orn.
1262 3080 1347 3139 Rem.
1366 3100 1392 3138 1.
1415 3079 1588 3141 Pcmbruch.
1613 3085 1702 3145 artois
1720 3084 1787 3144 bon.
1806 3089 1910 3147 vetusti
1927 3089 2007 3152 Ririi.

611 3191 694 3270 petiit
713 3191 795 3250 Laid.
811 3189 841 3247 d.
858 3209 940 3246 m.n.
962 3184 1012 3246 dc.
1030 3183 1112 3246 Fabr.
1127 3204 1154 3249 2.
1175 3184 1279 3244 Franc.
1300 3182 1380 3244 Vrat.
1394 3205 1420 3244 ι.
1446 3183 1605 3246 Gadita.
1626 3187 1685 3246 Erl.
1706 3187 1807 3260 Basi.
1826 3199 1858 3248 ut
1874 3193 2007 3274 ampliore

614 3297 727 3354 ltonore
747 3293 900 3352 deteriores
916 3291 993 3350 libri.
1014 3290 1063 3349 sed
1080 3299 1113 3349 ut
1141 3289 1203 3347 Bas.
1219 3309 1243 3352 1.
1260 3289 1288 3358 l.
1310 3288 1431 3350 Havete.
1459 3289 1542 3349 Leid.
1562 3291 1630 3351 telis
1643 3290 1691 3352 vir
1712 3293 1804 3371 (nom
1814 3303 1935 3376 pastea)
1956 3298 2007 3358 boc

613 3397 718 3458 ordine
737 3396 799 3460 Bas.
813 3415 837 3458 ι.
849 3397 878 3465 4.
899 3394 983 3452 Fabr.
1001 3415 1026 3452 ι.
1046 3394 1144 3452 Senot.
1155 3411 1184 3451 2.
1206 3391 1305 3450 Heuss.
1324 3389 1398 3452 Tur.
1417 3394 1456 3452 ita
1470 3393 1590 3454 Havcrc.
1607 3405 1635 3454 et
1648 3394 1728 3461 Leid.
1749 3397 1832 3456 Rern.
1844 3399 1873 3460 3.
1893 3406 2007 3482 plurimi

612 3497 799 3584 parenthesin
812 3509 880 3577 post
895 3498 1022 3556 audebat
1039 3499 1200 3557 inculcant.
1213 3495 1329 3572 sociem
1340 3496 1438 3576 ignor.
1447 3496 1517 3557 Tur.
1531 3498 1599 3582 Teg.
1620 3502 1708 3561 dutus
1721 3511 1771 3582 est.
1792 3513 1831 3563 est
1844 3525 1904 3564 orn.
1918 3507 2006 3570 Guell.

616 3607 645 3665 6.
667 3602 851 3664 consulatum
864 3601 998 3679 adpetere
1027 3601 1099 3658 olim
1121 3599 1243 3659 editum.
1265 3600 1316 3659 sed
1334 3620 1414 3661 cons.
1432 3622 1493 3661 om.
1511 3601 1629 3664 Comm.
1648 3607 1778 3687 quinque
1794 3607 1881 3668 Palat.
1901 3615 2008 3696 aliquot

613 3709 727 3769 Wassii.
746 3705 843 3765 Turic.
864 3699 1019 3763 Fabrici.
1040 3704 1099 3762 inc.
1112 3722 1138 3761 2.
1161 3703 1245 3762 Rem.
1265 3701 1355 3763 lead.
1376 3705 1473 3764 Senat.
1492 3726 1520 3766 2.
1541 3707 1641 3774 Heuss,
1667 3709 1747 3769 Vrat.
1763 3730 1791 3770 2.
1816 3711 1921 3775 Franc.
1945 3718 2004 3780 Ecc.

614 3813 712 3873 Guelf.
725 3831 752 3870 ι.
765 3829 793 3869 2.
804 3807 833 3880 l.
844 3807 873 3868 6.
891 3827 936 3867 ι2.
956 3806 1082 3865 lierni.
1099 3814 1196 3886 petere
1208 3806 1273 3867 Ecc.
1290 3806 1388 3867 Guelf.
1399 3808 1429 3869 3.
1450 3809 1906 3878 vrat.3.1.etd.h.unuswassii.
1927 3842 2005 3902 egro-

613 3917 787 3996 giussoctus
807 3917 868 3978 Eri.
891 3912 959 3994 Teg.
982 3912 1067 3972 Paris.
1077 3910 1108 3968 b.
1128 3910 1212 3969 Bern.
1225 3931 1250 3970 1.
1271 3911 1403 3991 egregius
1409 3913 1503 3990 sactis
1523 3915 1638 3976 laida.
1650 3914 1680 3976 b.
1690 3939 1716 3978 c.
1727 3918 1757 3978 d.
1774 3941 1799 3984 c.
1814 3923 1834 3981 ι’.
1848 3944 1877 4004 g.
1889 3922 1957 3986 Μ,
1969 3947 2004 3987 m.

615 4041 646 4079 n.
668 4021 758 4080 Mark.
772 4031 806 4082 Α.
828 4018 860 4077 B.
872 4016 943 4076 Pub.
965 4015 1026 4074 llas.
1038 4036 1063 4072 1.
1084 4015 1144 4074 ine.
1163 4013 1260 4079 Turio.
1283 4014 1367 4080 Febr.
1378 4034 1405 4076 2.
1425 4015 1492 4080 Ecc·
1514 4016 1610 4085 Guell'.
1623 4020 1651 4080 6.
1667 4043 1712 4082 ιι.
1733 4022 1841 4091 Parios.
1853 4027 1882 4086 d.
1894 4051 1920 4090 e.
1942 4027 2005 4111 qttin

612 4123 732 4202 indign.
751 4122 901 4182 Febris-1.
921 4120 1025 4180 Franc.
1045 4117 1095 4180 Ac.
1117 4117 1236 4180 Pstisb.

699 4248 772 4331 Cup.
788 4249 837 4321 64.
858 4248 955 4328 Igitur
969 4248 1020 4308 ulti
1032 4246 1148 4309 Marius
1161 4233 1330 4328 curuari‘sp.
1350 4245 1495 4315 Commel.
1516 4249 1606 4310 Palat.
1617 4271 1643 4311 1.
1653 4272 1682 4311 2.
1703 4252 1831 4332 igliur.
1847 4259 1898 4320 nti
1916 4215 2005 4326 Gnell.

617 4357 647 4420 ὅ.
669 4355 770 4427 has-l.
790 4373 886 4416 etun-
899 4354 1012 4415 vidsret
1030 4353 1153 4416 Remi.
1172 4353 1275 4414 codem
1293 4371 1350 4432 quo
1371 4351 1477 4434 emitto
1494 4353 1592 4415 aaut
1607 4353 1759 4419 intendere
1774 4359 1855 4422 videt
1881 4365 2003 4441 Palati.
