4570 5316
620 355 690 432 156

566 532 776 634 tyllomani
801 533 955 624 milites,
980 530 1183 636 improviso
1207 543 1313 606 metu
1334 527 1471 605 incerti
1495 525 1712 632 ignarique,
1737 521 1835 626 quid
1852 520 2012 627 potissu-

615 685 725 736 mum
754 655 941 747 facerent,
973 654 1162 758 trepidare
1169 685 1180 748 3
1199 652 1249 728 ad
1278 677 1404 726 arcem
1428 650 1583 753 oppidi,
1607 649 1677 724 ubi
1706 648 1812 751 signa
1838 662 1878 722 et
1904 660 2012 720 scuta

601 797 739 871 erum,
752 780 972 884 praesidium
987 778 1176 871 bostium3
1197 779 1318 879 portae
1331 790 1421 850 ante
1439 773 1575 848 clausae
1593 771 1725 876 fugam
1737 767 2012 874 prohibebant:

602 903 666 979 ,ad
694 901 769 978 boe
793 902 969 979 mulieres
998 901 1187 1005 puerique
1208 881 1412 1002 protectis
1443 895 1693 971 edificiorum
1726 919 1814 968 saxa
1849 908 1888 968 et
1911 887 2012 978 alia,

615 1050 701 1128 quae
722 1025 830 1102 locus
845 1025 1061 1128 praebebat,
1087 1023 1260 1098 certatim
1291 1021 1450 1096 mittere
1499 1022 1557 1093 Ita
1581 1043 1708 1120 neque
1729 1015 1852 1094 caveri
1877 1035 2014 1114 anceps

613 1148 780 1238 malum,
799 1175 927 1250 neque
941 1175 963 1220 a
977 1147 1200 1222 fortissumis
1221 1147 1491 1222 infirmissumo
1507 1145 1635 1250 generi
1651 1141 1770 1218 resisti
1787 1163 1892 1243 posse
1908 1169 1916 1209 ε
1931 1136 2013 1209 iux·

615 1287 653 1346 ta
685 1270 778 1345 boni
812 1270 999 1372 malique,
1022 1270 1168 1345 strenui
1196 1285 1235 1346 et
1253 1268 1438 1344 *imbelles
1471 1267 1588 1342 inulti
1615 1263 1847 1342 obtruncari
1897 1262 1944 1332 ln
1971 1283 2013 1331 ea

614 1408 721 1467 tanta
751 1393 976 1496 asperitate,
1000 1393 1220 1468 saevissumis
1242 1391 1417 1467 Numidis
1436 1408 1474 1466 et
1501 1389 1643 1494 oppido
1674 1387 1848 1488 undique
1870 1381 2013 1467 clauso,

612 1515 810 1618 Turpilius
831 1515 1030 1619 proefectus
1055 1541 1157 1592 unus
1190 1543 1237 1592 ex
1261 1515 1439 1591 omnibus
1462 1514 1604 1588 Italicis
1633 1509 1806 1616 profugit
1830 1509 2015 1595 intactus,

613 1637 656 1713 id
674 1637 981 1714 misericordiane
1001 1637 1171 1743 hospitis,
1199 1665 1251 1713 an
1267 1638 1467 1742 pactione,
1490 1663 1543 1712 an
1559 1661 1648 1710 casu
1670 1633 1722 1708 ita
1740 1629 1930 1716 evenerit,
1949 1653 2015 1730 pa-

613 1789 702 1836 rum
727 1760 1001 1864 comperimus,
1025 1762 1117 1850 nisi,
1142 1761 1233 1862 quia
1263 1760 1320 1834 ill'i
1353 1762 1395 1835 in
1426 1775 1533 1834 tanto
1553 1758 1655 1834 malo
1679 1756 1801 1860 turpis
1820 1752 1897 1830 rita
1922 1750 2016 1825 inte-

567 1909 680 1988 ss-gra
701 1882 803 1957 fama
822 1884 949 1986 potior
966 1882 1054 1973 fuit,
1081 1884 1278 1986 improbus
1297 1880 1596 1984 intestabilisque
1617 1879 1775 1955 videtur.
1824 1872 2016 1966 Metellus,

609 2021 817 2108 postquam
850 2004 897 2080 de
922 2005 1040 2080 rebus
1064 2008 1199 2078 Vaccae
1229 2004 1323 2080 actis
1349 2004 1550 2108 comperit,
1581 2003 1791 2108 paullisper
1814 2019 1969 2078 moestus
1996 2025 2016 2072 e

616 2142 822 2230 conspectu
838 2127 920 2200 abit
939 2159 947 2199 :
972 2127 1111 2202 deinde
1127 2184 1136 2216 ,
1154 2127 1221 2201 ubi
1246 2127 1302 2201 ira
1330 2143 1368 2202 et
1383 2127 1568 2231 aegritudo
1587 2127 1773 2230 permixta
1792 2141 1903 2214 sunt,
1929 2151 2016 2201 cum

615 2276 793 2324 maxuma
819 2275 911 2322 cura
943 2249 1071 2324 ultum
1098 2250 1152 2324 ire
1171 2250 1330 2324 iniurias
1354 2249 1515 2325 festinat
1572 2250 1793 2354 legionem,
1818 2275 1909 2326 eum
1941 2273 2015 2349 qua

614 2369 827 2460 hiemabat,
851 2387 1028 2472 etquam
1044 2371 1230 2474 plurimos
1255 2388 1377 2476 potest
1393 2371 1576 2448 Numidas
1597 2373 1742 2475 equites
1764 2372 1908 2476 pariter
1931 2396 2017 2445 cum

617 2519 751 2570 occasu
767 2493 853 2567 solis
876 2491 1067 2596 expeditos
1086 2495 1232 2588 educit;
1264 2511 1302 2570 et
1321 2513 1466 2598 postera
1492 2497 1560 2572 die
1575 2497 1726 2571 circiter
1750 2494 1893 2570 'boram
1915 2492 2017 2569 terti·

616 2645 680 2696 am
707 2617 880 2720 pervenit
905 2619 947 2692 in
984 2619 1191 2719 quamdam
1219 2619 1445 2720 planitiem,
1472 2618 1564 2694 locis
1597 2618 1730 2722 paullo
1759 2618 2015 2722 superioribus

616 2738 929 2816 circumventam.¹
977 2741 1038 2816 lbi
1056 2743 1194 2829 milites
1218 2741 1326 2818 fessos
1344 2741 1489 2816 itineris
1512 2743 1777 2847 magnitudine
1797 2758 1835 2816 et
1859 2743 1936 2816 i'am
1953 2741 2017 2814 ab·

700 2933 773 3016 Cap.
789 2937 838 3017 67.
866 2947 952 2996 metu.
975 2937 1103 3016 perculsi
1126 2943 1171 3000 vel
1193 2939 1322 3019 perclusi
1339 2940 1454 2999 addunt
1475 2941 1628 3002 deteriores
1651 2942 1728 3006 libri.
1758 2915 1906 3021 trepidare
1923 2957 2019 2998 arocm

615 3040 676 3102 Bu.
693 3055 717 3100 t.
739 3039 823 3100 fabr.
834 3042 902 3106 vin
913 3041 981 3101 Sco.
992 3041 1090 3102 lleuss.
1102 3043 1182 3102 l'rat.
1193 3063 1220 3102 a.
1231 3047 1259 3106 3.
1270 3043 1365 3104 Strui.
1387 3045 1446 3108 iao.
1457 3066 1482 3104 ι.
1504 3045 1571 3110 Eoo.
1586 3045 1682 3106 Guelf.
1696 3068 1721 3104 ι.
1733 3065 1760 3105 a.
1771 3044 1799 3108 δ’.
1811 3066 1840 3126 9.
1853 3064 1897 3107 ιι.
1910 3045 2019 3123 aliquot

617 3145 735 3222 Grutsri
749 3155 780 3206 et
790 3145 903 3204 Wassii.
923 3143 1046 3206 Betui.
1074 3149 1154 3226 apud
1174 3167 1273 3208 arcem
1287 3149 1385 3227 plures
1398 3151 1485 3216 Palat.
1505 3159 1533 3208 et
1543 3159 1638 3229 portoe
1658 3147 1951 3222 Bas.l.olt'trttnoori‘
1963 3147 2019 3206 Bas·

621 3247 783 3318 1·l..Fabr.
805 3247 902 3308 Guell.
912 3251 1015 3330 849.
1035 3250 1116 3309 leid.
1126 3253 1147 3310 i.
1173 3251 1373 3312 unusll'atsii.
1394 3251 1464 3312 Tur.
1485 3252 1570 3314 Bero.
1584 3253 1648 3316 ul.
1669 3254 1862 3333 intuebprqf.
1883 3251 1945 3310 Bas.
1960 3251 2017 3320 tal.

617 3368 659 3408 an
672 3349 808 3434 pactione
822 3361 874 3408 aut
890 3372 962 3412 cusu
979 3353 1040 3412 Bas.
1056 3373 1081 3412 ι.
1102 3353 1170 3414 vin.
1183 3375 1211 3419 ι.
1237 3355 1352 3418 Sen..r..
1371 3356 1476 3420 chss..
1498 3357 1590 3416 ilem..
1610 3358 1662 3418 Aa.
1685 3360 1744 3418 ine.
1762 3379 1787 3415 ι.
1808 3358 1903 3418 Stmr.
1925 3353 2017 3414 Guell.

622 3472 647 3512 t.
663 3471 708 3509 ιο.
722 3471 768 3509 ιι.
788 3463 840 3510 out
849 3464 996 3532 pectunt
1009 3475 1078 3516 cusu
1097 3457 1195 3522 Senat.
1211 3479 1235 3516 ι.
1258 3457 1355 3520 Guelf.
1367 3459 1396 3520 ὅ.
1417 3461 1498 3520 Vtut.
1510 3481 1537 3520 ι.
1558 3461 1619 3522 liar.
1633 3463 1661 3532 4.
1683 3461 1767 3522 Beru.
1784 3466 1812 3524 3.
1830 3460 1931 3540 potrbr
1944 3458 2017 3537 ficit.

608 3554 675 3634 Jsttit
695 3575 755 3614 om.
775 3554 842 3615 Ecc.
862 3556 958 3616 Senot.
972 3578 998 3618 ι.
1019 3569 1083 3618 crat
1103 3560 1187 3622 Paris.
1203 3562 1233 3622 b.
1249 3563 1339 3642 famu
1351 3564 1469 3644 integra
1487 3566 1546 3626 ino.
1564 3586 1594 3631 1.,
1610 3564 1695 3625 fabr.
1710 3585 1741 3630 ι.

706 3703 779 3788 Cap.
790 3707 838 3768 68.
856 3707 1013 3788 paullisper
1026 3719 1121 3771 motus
1140 3717 1225 3774 Vtat.
1237 3735 1262 3772 1.
1283 3713 1356 3774 abitt
1376 3715 1445 3777 Vin.
1467 3735 1499 3774 ι..
1513 3716 1624 3778 Fabn‘e.
1639 3737 1667 3777 a.
1688 3715 1786 3779 Strur.
1802 3715 1906 3781 franc
1929 3717 2019 3777 Turis.

617 3831 720 3874 omnes
731 3812 813 3873 tetd.
833 3812 929 3883 Hasd.
949 3812 1071 3872 sedabit
1092 3814 1204 3876 Fabrici
1233 3817 1320 3878 nivii.
1347 3815 1463 3878 Gruter.
1484 3823 1583 3900 plures
1600 3819 1681 3879 Cort.
1701 3819 1762 3884 llas.
1785 3841 1811 3880 ι·.
1840 3821 1966 3887 Bernaba
1985 3841 2019 3882 ec

583 3980 586 3988 ,
618 3927 775 3996 conpectu·
791 3915 888 3976 Guelf.
904 3916 967 3976 ι.6.
980 3937 1025 3976 ιο.
1045 3916 1129 3978 Bern.
1148 3919 1178 3978 3.
1198 3919 1295 3985 Turio.
1317 3920 1380 3981 Bas.
1395 3921 1424 3993 l.
1445 3943 1503 3984 esse
1517 3943 1615 4004 comp.
1636 3923 1733 3984 Guelf.
1746 3945 1773 3983 ι.
1795 3923 1886 3985 ἰιιίῐιν.
1906 3926 1958 3986 ult.
1978 3925 2017 3985 ire

608 4021 680 4097 sset.
700 4019 768 4102 Τις.
789 4020 833 4080 ine
845 4041 906 4080 om.
918 4019 977 4081 tit.
998 4021 1107 4094 educit,
1117 4034 1191 4102 post.
1212 4023 1274 4089 Bas.
1285 4023 1315 4096 4.
1335 4025 1490 4087 obnitentis
1508 4027 1609 4088 Naar.
1630 4027 1692 4087 llas.
1704 4048 1729 4093 1.
1751 4025 1849 4088 castr.
1863 4021 1898 4088 ι.
1911 4029 1945 4088 in
1951 4028 2015 4110 pri·

618 4142 668 4184 mo
684 4123 773 4186 latere
792 4143 894 4186 omnes
908 4123 988 4186 libri.
1007 4129 1107 4189 edocet
1125 4126 1206 4193 Lei&
1220 4147 1247 4195 a.
1260 4149 1286 4190 ο.
1298 4129 1327 4190 k.
1339 4149 1371 4190 n.
1392 4139 1420 4192 ct
1435 4130 1532 4212 signa.
1549 4140 1658 4198 stom,
1669 4131 1753 4192 Rern.
1768 4153 1793 4197 a.
1815 4131 1916 4194 Guell.
1929 4151 1974 4193 ιι.

659 4291 665 4298 ·
700 4268 773 4353 cap.
783 4275 831 4356 69.
852 4277 903 4337 ubi
909 4278 1041 4358 primum
1067 4279 1152 4347 llern.
1168 4302 1193 4348 ι.
1204 4285 1231 4348 3.
1263 4280 1325 4342 llas.
1336 4282 1363 4356 ζ’.
1394 4281 1556 4351 Laid.b.d.
1587 4283 1721 4346 onitnum
1735 4287 1887 4348 mosam
1911 4285 1971 4352 Bar.
1987 4305 2011 4346 ι.
