4570 5316
616 427 687 482 202

618 597 775 687 repente
806 582 849 658 in
873 580 1017 685 eampis
1041 579 1262 683 patentibus
1287 601 1378 652 cum
1396 573 1503 651 mille
1523 599 1604 650 non
1627 569 1792 690 amplius
1822 559 2016 668 equitibus

619 731 695 782 sese
714 703 896 780 ostendit:
923 704 993 806 qui
1016 717 1156 776 temere
1177 716 1217 777 et
1239 699 1354 776 effuse
1374 715 1507 777 euntes
1523 697 1638 773 Sullae
1656 693 1816 794 aliisque
1837 684 2016 764 omnibus

620 845 660 902 et
680 852 884 902 numerum
900 824 1125 929 ampliorem
1139 847 1249 913 vero,
1270 837 1309 898 et
1324 819 1499 897 hostilem
1526 835 1673 894 metum
1690 815 1911 890 efficiebant
1942 803 2016 908 Igi-

622 965 687 1024 tur
706 974 745 1024 se
768 949 930 1051 quisque
959 946 1154 1050 expedire,
1175 971 1280 1020 arma
1313 961 1428 1047 atque
1458 945 1532 1019 tela
1558 957 1765 1045 temptare,
1788 929 1986 1010 intendere
2005 957 2015 996 :

621 1072 736 1146 timor
750 1070 995 1174 aliquantus,
1016 1068 1187 1172 sedspes
1207 1066 1391 1170 amplior,
1415 1067 1560 1170 quippe
1571 1061 1802 1149 victoribus,
1825 1071 1863 1131 et
1881 1051 2016 1128 advor-

620 1219 707 1270 sum
722 1218 810 1286 eos,
828 1219 924 1296 qaroa
951 1217 1048 1296 sepe
1072 1191 1250 1268 vicerant.
1282 1190 1443 1268 Interim
1463 1191 1625 1292 equites,
1649 1184 1888 1288 exploratum
1922 1197 2018 1278 prae·

556 1313 746 1407 ¹⁰⁶·missi‚
770 1341 869 1406 rem,
885 1316 944 1390 uti
967 1331 1049 1389 erat
1061 1371 1069 1402 ‚
1082 1314 1265 1416 ¹quietam
1280 1313 1479 1410 nunciant.
1527 1311 1656 1387 Volux
1672 1306 1874 1384 adveniens
1890 1299 2020 1394 Quaes-

623 1457 745 1516 torem
776 1438 946 1542 adpellat
973 1436 1167 1538 dicitque:
1191 1459 1230 1509 se
1262 1461 1285 1510 a
1316 1451 1426 1539 patre
1452 1431 1600 1510 Boccho
1633 1433 1784 1508 obviam
1810 1427 1884 1502 illis
1904 1416 2019 1498 simul

622 1578 661 1652 et
676 1560 850 1664 praesidio
864 1561 1028 1634 missum.
1057 1557 1207 1641 Deinde
1225 1583 1315 1632 eum
1333 1574 1372 1632 et
1399 1581 1632 1661 proxumum
1661 1555 1764 1630 diem
1802 1553 1884 1628 sine
1912 1559 2018 1620 metu
2068 1651 2070 1662 y

624 1682 823 1760 coniuncti
841 1697 946 1758 eunt.
978 1683 1083 1770 Post,
1104 1679 1173 1754 ubi
1194 1695 1314 1756 eastra
1335 1679 1458 1758 locata
1479 1695 1523 1753 et
1538 1677 1614 1753 diei
1628 1689 1865 1781 vespererat,
1886 1693 2020 1772 repen-

622 1822 660 1882 te
687 1806 845 1880 Maums
874 1805 1019 1881 incerto
1040 1802 1147 1878 voltu
1170 1827 1309 1906 parens
1333 1802 1384 1878 ad
1401 1802 1548 1881 Sullam
1567 1801 1739 1876 adcurrit
1757 1797 1925 1898 dicitque
1943 1824 1950 1864 :
1971 1789 2019 1862 si-

621 1927 663 2028 bi
685 1953 731 2004 ex
753 1925 1052 2030 speculatoribus
1082 1927 1297 2028 cognitum,
1322 1925 1547 2032 Iugurtham
1572 1924 1679 2002 baud
1703 1920 1839 2028 procul
1865 1919 2020 1994 abesse:

621 2049 762 2139 simul,
793 2047 853 2124 uti
887 2061 1007 2122 noctu
1034 2046 1134 2134 olam
1159 2075 1287 2125 secum
1310 2049 1546 2154 prodigeret,
1570 2067 1676 2156 rogat
1696 2065 1812 2151 atque
1835 2044 2021 2119 bortatur.

622 2172 695 2248 Ille
709 2171 840 2247 animo
856 2168 972 2246 feroci
997 2172 1135 2274 negat,
1158 2197 1196 2248 se
1217 2173 1353 2248 totiens
1371 2171 1501 2248 fusum
1524 2173 1731 2250 Numidam
1747 2169 2019 2273 pertimescere:

625 2296 760 2373 virtuti
782 2319 944 2370 errorum
957 2294 1045 2368 satis
1065 2293 1234 2369 credere:
1258 2295 1375 2370 etiam
1393 2295 1425 2370 si
1440 2311 1542 2372 certa
1564 2297 1676 2400 pestis
1697 2294 1856 2383 adesset,
1870 2311 2023 2362 mansu-

624 2445 715 2495 rum
730 2417 1018 2522 potiussquar'n
1041 2415 1222 2519 proditis,
1246 2441 1341 2518 quos
1365 2417 1677 2521 ducebat,·turpi
1697 2416 1786 2522 fuga
1808 2416 1960 2494 incertae
1979 2433 2024 2480 ac

625 2539 786 2616 forsitan
811 2555 896 2644 post
911 2535 1045 2642 paullo
1064 2540 1199 2614 morbo
1216 2539 1427 2616 interitura
1447 2543 1532 2616 vitae
1550 2556 1730 2646 parceret
1779 2541 1955 2616 Ceterum
1977 2533 2026 2606 ab

549 2669 555 2672 ’
626 2663 761 2738 'eodem
773 2661 942 2738 monitus
955 2662 1015 2736 uti
1030 2679 1149 2738 noctu
1167 2651 1517 2766 proficiscerentur,
1543 2662 1745 2756 consilium
1757 2637 1957 2765 adprobat:
1981 2683 2025 2730 ac

625 2767 912 2882 'statimsmilites
929 2800 1091 2860 cenatos
1114 2810 1212 2877 esse,
1232 2787 1275 2861 in
1293 2788 1423 2868 castris
1438 2787 1543 2890 ignes
1561 2814 1679 2890 quam
1698 2786 1969 2863 creberrumos:
1982 2781 2027 2854 fi<

627 2909 701 2998 eri,
724 2907 816 2984 dein
838 2907 964 3011 prima
989 2905 1117 3010 vigilia
1150 2907 1301 2985 silentio
1331 2911 1458 3014 egredi
1488 2909 1605 2986 iubet.
1646 2914 1805 3014 Iamque
1834 2924 2025 2984 nocturno

632 3109 694 3168 inc.
710 3127 736 3166 ι.
760 3105 850 3166 Acad.
871 3105 967 3165 Guell.
981 3104 1014 3176 4.
1040 3104 1145 3176 Baad.
1162 3105 1194 3164 in
1212 3105 1281 3168 Tur.
1293 3109 1393 3168 loonrn
1407 3117 1513 3169 mutat·
1535 3115 1649 3188 repente
1663 3107 1773 3190 eampis
1791 3107 1876 3168 Rern.
1892 3128 1918 3174 ι.
1934 3101 2026 3185 αιιιρῖ.

627 3231 707 3272 vero.
728 3229 798 3272 vero
818 3229 880 3269 om.
897 3209 1046 3271 Fabrici.
1067 3211 1164 3276 inca.
1184 3209 1254 3270 vin.
1266 3231 1293 3271 a.
1313 3211 1414 3272 licum.
1441 3213 1546 3278 Sena.
1573 3213 1653 3274 Vrat.
1669 3201 1695 3274 ι.
1708 3234 1737 3272 a.
1767 3212 1863 3272 Guell.
1877 3204 1941 3282 tid·
1955 3235 1983 3293 7.
1994 3233 2025 3292 9.

628 3314 701 3395 lleg.
720 3312 789 3372 Tur.
808 3312 994 3391 seseqru'sque
1014 3313 1150 3375 6ιιο1ἲ.ὄ.
1171 3312 1284 3376 Fabric.
1299 3337 1326 3376 a.
1346 3307 1407 3380 iric.
1424 3337 1449 3376 ι.
1469 3337 1500 3377 se
1513 3338 1574 3377 om.
1591 3315 1676 3377 Bern.
1695 3338 1719 3376 ι.
1740 3327 1767 3376 et
1783 3319 1898 3377 advers.
1915 3325 1943 3376 et
1963 3337 2025 3377 om.

628 3413 760 3478 Leidm.
781 3414 882 3487 Beni.
903 3415 987 3475 Bora.
1001 3436 1027 3475 ι.
1046 3417 1181 3478 vicerant
1199 3417 1259 3479 Erl.
1278 3419 1379 3492 ΒΜ.
1400 3420 1468 3480 Tur.
1489 3421 1611 3482 llorere.
1625 3421 1706 3485 Leid.

627 3541 631 3551 “
694 3537 769 3622 Citp.
784 3543 849 3601 106.
867 3564 921 3623 per
933 3565 999 3604 cum
1012 3555 1134 3626 etprox.
1155 3547 1252 3609 Strur.
1273 3548 1357 3632 berg.
1376 3549 1496 3609 Vtatd.
1518 3547 1773 3634 Guelbd.10.1a.
1792 3529 1920 3617 [αἰὼιι.
1946 3551 2028 3612 cultu

628 3643 744 3722 pavens.
761 3642 870 3730 pabens
888 3667 949 3706 om.
966 3650 1035 3728 Seu,
1050 3668 1075 3712 ι.
1101 3648 1231 3710 occurrit
1250 3651 1317 3711 Ecc.
1337 3652 1444 3712 Franc.
1471 3653 1584 3714 Fabrie.
1597 3675 1622 3718 ι.
1644 3675 1684 3712 m.
1694 3676 1740 3735 pr.
1760 3655 1842 3736 Berg.
1863 3655 1961 3714 Guell.
1980 3676 2026 3714 ro.

634 3761 681 3801 ιι.
696 3761 742 3801 aa.
757 3741 845 3800 'Leid.
856 3763 897 3801 m.
919 3743 1049 3804 obcurrit
1069 3747 1166 3815 G'ueli
1177 3774 1205 3832 7.
1226 3773 1267 3812 m.
1279 3773 1335 3814 aec.
1355 3775 1377 3814 a
1390 3757 1494 3836 specul.
1517 3763 1620 3822 Franc.
1645 3758 1730 3818 llem.
1743 3779 1769 3818 ι.
1795 3759 1862 3844 Eec.
1891 3757 1988 3817 Guels.
2000 3780 2027 3816 1.

630 3847 798 3910 aarum:
810 3868 841 3906 n.
861 3847 963 3920 aut.
983 3853 1052 3914 aur.
1080 3855 1295 3931 :ocensem
1311 3849 1513 3930 mearam.
1527 3883 1553 3920 1.
1570 3863 1744 3942 pmtpautlo
1764 3863 1832 3926 vin.
1853 3861 1922 3922 sen.
1941 3861 2027 3922 altr.
2107 3849 2109 3852 ’

635 3975 666 4012 ι.
692 3957 792 4016 Franc.
820 3959 916 4020 struv.
946 3959 1049 4018 Waasii
1060 3958 1138 4018 libri.
1166 3959 1249 4041 Berg.
1277 3959 1343 4020 Ecc.
1372 3961 1468 4023 Guelf.
1479 3965 1547 4048 Μ.
1558 3966 1586 4024 6.
1599 3986 1751 4046 9.ro.ra.
1769 3965 1851 4026 Leid.
1866 3964 1935 4048 g.h.
1951 3967 1972 4024 i.
1986 3986 2027 4023 m.

628 4059 859 4138 proficisceretur
877 4063 945 4122 Sen.
959 4082 984 4120 ι.
1006 4083 1046 4120 ιιι.
1061 4082 1107 4142 pr.
1127 4057 1196 4122 vi'n.
1213 4084 1241 4129 ι.
1262 4063 1360 4126 Guelf.
1382 4088 1427 4127 ιο.
1447 4069 1529 4128 leid.
1546 4071 1566 4128 l.
1588 4069 1723 4150 ignesque
1739 4070 1861 4150 plurimi
1876 4069 2029 4148 lum-qu:
2094 4060 2106 4082 ⁶

631 4167 694 4227 om.
715 4164 798 4226 Febr.
812 4187 841 4226 a.
862 4165 958 4228 Guell.
970 4167 999 4228 d.
1019 4167 1123 4228 Frano.
1144 4151 1227 4228 bern.
1243 4191 1269 4228 ι.
1281 4170 1314 4230 ὅ.
1332 4171 1394 4232 Bas.
1404 4173 1434 4243 A.
1453 4173 1487 4232 in
1501 4171 1605 4234 castri:
1621 4193 1712 4254 qraam
1728 4171 1919 4236 creberrimos
1938 4171 2028 4252 ignee

631 4265 764 4328 Icidm.
787 4289 876 4347 eumn
890 4290 957 4332 om..
973 4271 1061 4331 Pelet.
1077 4273 1220 4347 meliores,
1239 4293 1316 4334 unus
1324 4274 1438 4336 Wmii.
1458 4276 1645 4348 intervallum
1662 4280 1729 4340 Sea·
1740 4297 1770 4342 a.
1793 4277 1893 4336 Heuss.
1911 4276 2030 4336 Vrata.

632 4381 704 4446 ante
717 4391 765 4438 eet
778 4377 878 4440 tedere
896 4377 977 4442 Leid.
986 4397 1014 4443 a.
1022 4399 1048 4441 e:
1068 4385 1138 4440 ent:
1147 4397 1194 4440 eos
1206 4379 1364 4440 consedisse
1383 4379 1464 4472 leid.
1478 4381 1509 4442 b.
1524 4381 1553 4442 d.
1565 4385 1586 4443 f.
1597 4381 1629 4444 h.
1642 4385 1663 4448 i.
1682 4401 1785 4443 omnes
1795 4379 2031 4458 corottvmu,
