4582 5320
1617 481 1679 554 151

285 649 320 725 ts
347 637 416 725 ub'i
443 646 613 753 primum
644 641 907 749 magistratum
933 627 1125 749 ingressus
1141 657 1212 735 est,
1241 631 1316 722 alia
1342 649 1472 725 omnia
1494 649 1567 726 sibi
1596 635 1685 732 eum

283 769 425 876 collega
450 787 572 859 ratus,
612 768 661 842 ad
691 767 859 855 bellum,
880 765 985 868 quod
1007 783 1177 872 gesturus
1197 787 1294 861 erat,
1321 773 1496 852 animum
1510 772 1684 852 intendit

238 895 241 904 ’
285 894 408 1001 Igitur
421 893 593 969 diffidens
608 891 724 966 veteri
743 889 943 980 exercitui,
962 890 1100 966 militas
1119 892 1298 996 (eligere)
1317 895 1495 988 scribere,
1511 898 1685 1002 praesidia

282 1015 457 1120 undique
474 1040 681 1091 accersere:
705 1039 824 1104 arma,
846 1011 937 1104 tela,
961 1039 1096 1116 equos,
1121 1033 1159 1090 et
1175 1033 1296 1092 cetera
1315 1017 1568 1096 instrumenta
1584 1023 1685 1097 mili-

283 1140 345 1216 tioe
361 1165 518 1246 parare:
544 1138 687 1214 adhoc
707 1152 962 1215 commeatum
983 1136 1152 1213 affatim:
1176 1139 1344 1242 denique
1365 1142 1512 1235 omnia,
1537 1169 1623 1248 quoe
1642 1145 1684 1222 in

280 1262 501 1343 belloverio
515 1278 555 1338 et
574 1262 787 1338 multarum
802 1286 932 1337 rerum
945 1261 1068 1364 egenti
1086 1262 1173 1337 usui
1195 1285 1269 1338 esse
1280 1263 1411 1341 solent.
1439 1267 1616 1344 Ceterum
1634 1267 1683 1344 ad

282 1410 326 1464 ea
345 1385 534 1493 patranda
548 1387 706 1462 Senatus
723 1382 950 1460 auctoritate
966 1383 1057 1460 socii
1077 1409 1295 1490 nomenque
1311 1385 1513 1479 Latinum,
1531 1403 1570 1466 et
1582 1415 1683 1494 reges

282 1507 384 1585 ultro
405 1507 547 1584 auxilia
566 1505 775 1582 mittendo:
800 1520 989 1609 postremo
1009 1507 1132 1582 omnis
1153 1507 1283 1582 civitas
1303 1533 1452 1587 summo
1475 1511 1601 1588 etudio
1617 1512 1682 1588 ad·

282 1629 482 1706 nitebatur.
531 1632 666 1730 Itaque
681 1684 691 1718 ,
705 1654 752 1702 ex
772 1625 958 1702 sententia
986 1627 1163 1702 omnibus
1193 1630 1305 1705 rebus
1324 1633 1465 1735 paratis
1497 1635 1681 1738 composi-

282 1752 471 1854 tisque,in
482 1746 986 1852 Numidiamproficiscitur‚
1006 1777 1143 1853 magna
1168 1753 1406 1857 specuium,
1425 1781 1547 1858 quum
1567 1781 1681 1861 pron

283 1889 339 1950 ter
357 1875 449 1950 artis
470 1875 605 1962 bonas,
637 1889 722 1947 tum
743 1898 944 1962 maxume,
971 1873 1078 1976 quod
1100 1873 1302 1950 advorsum
1322 1877 1472 1955 divitias
1493 1879 1681 1956 invictum
1804 1875 1808 1882 ’

280 1998 453 2073 animum
475 1997 645 2102 gerebat,
680 2011 718 2070 et
739 1995 897 2070 avaritia
914 1996 1207 2100 magistratuum
1225 2016 1313 2074 ante
1333 1999 1373 2074 id
1384 2016 1531 2105 tempus
1547 2001 1588 2076 in
1604 2002 1682 2076 Nu-

281 2121 398 2198 midia
416 2137 553 2197 nostrae
567 2143 654 2224 opes
667 2135 834 2194 contusae
855 2115 1101 2222 hostiumque
1118 2137 1240 2196 auctae
1256 2137 1375 2202 erant.
1714 2209 1716 2214 ¹

378 2242 450 2319 Sed
471 2242 539 2317 ubi
568 2243 610 2316 in
643 2239 813 2316 Africam
836 2241 970 2331 venit,
1000 2243 1184 2318 exercitus
1213 2243 1248 2320 ei
1272 2245 1438 2319 traditur
1460 2245 1520 2348 Sp.
1550 2245 1681 2322 Albini
1691 2261 1729 2334 44

281 2365 539 2459 Proconsulis3
561 2365 677 2455 iners,
702 2364 882 2453 imbellis,
901 2390 1027 2468 neque
1047 2366 1210 2470 periculi
1231 2393 1356 2469 neque
1368 2367 1507 2442 laboris
1526 2367 1682 2471 patiens,

279 2491 411 2595 lingua
445 2515 563 2592 quam
590 2514 711 2562 manu
740 2485 945 2591 promtior,
970 2487 1161 2590 praedator
1181 2515 1227 2562 ex
1252 2489 1359 2562 sociis
1382 2505 1421 2563 et
1452 2490 1531 2593 ipse
1552 2492 1680 2596 praeda

279 2611 466 2702 hostium,
490 2611 571 2686 sine
591 2609 751 2715 imperio
775 2624 814 2685 et
827 2607 1018 2684 modestia
1036 2607 1200 2684 habitus.
1251 2613 1308 2683 Ita
1335 2611 1557 2714 imperatori
1581 2640 1680 2689 novo

280 2735 366 2840 plus
387 2762 432 2814 ex
451 2734 560 2810 malis
575 2733 747 2810 moribus
774 2731 1059 2830 sollicitudinis,
1084 2759 1202 2834 quam
1221 2757 1267 2807 ex
1285 2732 1395 2836 copia
1417 2732 1586 2810 militum
1613 2763 1680 2811 au-

279 2929 358 3006 libri,
373 2951 474 2992 omnes
493 2934 552 2992 sere
568 2929 672 3004 Cottii,
691 2929 813 2990 oxLeid.
830 2930 892 3013 tg.
907 2929 939 2990 h.
951 2931 979 2990 k.
995 2933 1016 2990 l.
1037 2930 1105 3012 Teg.
1120 2930 1179 2990 Erl.
1201 2929 1261 2990 Bae.
1282 2953 1306 2991 1.
1323 2933 1408 2994 scrib.
1422 2932 1489 3010 alig.
1510 2932 1638 2997 Letum.
1651 2954 1681 2993 n.

279 3055 424 3098 emersere
443 3046 546 3117 prator
561 3038 633 3096 alios
661 3040 769 3095 multos
793 3035 890 3095 Codd.
912 3035 974 3095 Bas.
995 3056 1020 3095 ι.
1047 3045 1191 3095 actara.
1204 3047 1232 3095 et
1247 3035 1330 3094 Cort.
1350 3040 1433 3096 omis.
1456 3037 1489 3095 in
1510 3037 1683 3098 belloverio

278 3161 399 3222 propos
415 3161 476 3202 om.
491 3140 576 3209 Febr.
594 3162 618 3199 ι.
648 3139 745 3199 Gueli.
763 3159 810 3200 ιι.
838 3139 1073 3219 adsaporondo
1093 3138 1159 3199 Eoo.
1185 3137 1237 3199 Ae.
1257 3143 1353 3199 Sonat.
1368 3161 1395 3200 a.
1417 3139 1517 3200 Hense.
1544 3137 1641 3201 Guelf.
1655 3161 1681 3200 a.

279 3265 319 3304 m.
334 3265 389 3307 tec.
410 3243 523 3305 wilm
538 3228 655 3303 mittere
671 3243 769 3302 Guelf.
788 3248 817 3306 3.
840 3263 886 3302 ια.
906 3242 974 3304 vin.
995 3245 1055 3303 ine.
1070 3264 1096 3307 1.
1122 3241 1203 3300 Laid.
1218 3242 1246 3300 k.
1261 3263 1301 3300 m.
1314 3264 1345 3302 n.
1365 3243 1484 3304 vrohe.
1505 3244 1608 3305 Frons.
1629 3245 1683 3305 So·

278 3361 338 3410 nat.
351 3369 378 3409 a.
398 3337 498 3410 Haase.
518 3368 594 3409 unus
605 3347 740 3412 Putscbii.
762 3347 850 3407 Palat.
863 3347 892 3407 ὅ.
902 3347 931 3417 Α.
944 3347 977 3411 6.
987 3369 1015 3427 7.
1030 3368 1075 3406 ιο.
1088 3347 1266 3407 trawassii.
1288 3369 1359 3408 aun.
1369 3348 1489 3409 mittunt
1508 3349 1570 3408 Bne.
1580 3349 1608 3422 i.
1624 3353 1683 3411 ad-

278 3455 424 3516 nitebatur
440 3457 481 3514 ita
495 3454 664 3514 omneasore
677 3451 755 3511 libri.
775 3451 987 3512 adnitabontur
1005 3451 1064 3513 ine.
1081 3470 1106 3508 a.
1128 3449 1212 3514 Rem.
1225 3471 1252 3510 a.
1273 3451 1374 3524 Basa,
1394 3455 1605 3516 annitebantur
1624 3453 1683 3515 Erl.

278 3556 506 3639 Nwmffloprrff.
525 3557 584 3620 Erl.
605 3575 673 3616 eum
690 3575 800 3635 magno
814 3574 862 3636 spe
881 3553 949 3614 vin.
963 3575 989 3618 a.
1009 3553 1105 3614 Struv.
1126 3553 1237 3620 Fabiis.
1256 3577 1280 3614 ι.
1304 3578 1399 3639 m.pr.
1421 3557 1518 3620 Gueli.
1534 3580 1582 3621 ta.
1610 3561 1684 3620 arta

277 3661 354 3724 nivii
366 3660 443 3728 libri.
463 3663 639 3722 artasbonas
658 3660 720 3720 Bas.
736 3659 801 3731 μή.
822 3658 890 3718 Tur.
905 3657 983 3720 Ririi
992 3658 1167 3720 vetustiores.
1188 3658 1331 3722 invictam
1345 3663 1478 3724 aramum
1497 3654 1559 3729 Bas.
1575 3685 1599 3730 1.
1614 3663 1682 3724 Tor.

277 3776 306 3826 ot
321 3783 423 3827 omnes
436 3765 581 3826 terelibri.
602 3783 652 3824 an.
673 3765 734 3826 inv.
754 3763 839 3829 Febr.
862 3762 987 3825 aarum
1001 3770 1095 3823 mma
1114 3759 1237 3847 barna.

336 3916 411 4000 Cap.
422 3918 471 3992 Ab.
492 3919 526 3980 in
537 3920 645 3997 Africo
656 3919 736 3979 venit
756 3917 824 3978 Eae.
845 3915 895 3998 Sp.
912 3915 979 3976 Alb.
995 3915 1183 3980 Proconsulis
1201 3917 1269 3981 Naz.
1291 3917 1409 3978 Comm.
1427 3917 1495 3978 vin.
1512 3939 1536 3977 1.
1558 3917 1642 3980 Fabr.
1653 3940 1680 4002 a.

278 4023 375 4087 Guoli.
388 4023 454 4088 ab.
474 4022 560 4084 Fabr.
578 4043 671 4104 m.pr.
684 4021 753 4103 Tag.
775 4041 795 4082 o
804 4019 855 4102 Sp.
865 4019 932 4080 Alb.
946 4020 1124 4083 Prooonsttle
1136 4021 1241 4103 reliqui
1251 4019 1464 4093 Cortii,omnas
1472 4019 1552 4087 leid,
1569 4020 1683 4104 Sarit-

278 4127 526 4191 bbtiProoonsolo
537 4126 941 4206 Tur.m.eea.supersoripsit
955 4123 1247 4198 imbecilliassas.1.4.
1258 4125 1321 4184 sine
1332 4123 1451 4204 imperio
1468 4123 1529 4185 sine
1540 4129 1682 4190 modestia

280 4229 364 4294 eaor.
376 4243 403 4294 ι’.
423 4231 509 4294 molt's
524 4249 562 4293 oss
578 4251 654 4293 mor.
674 4229 759 4291 Rern.
773 4249 799 4292 ι.
820 4247 858 4290 os
874 4227 960 4309 eopia
974 4247 1045 4290 otta.
1068 4229 1190 4308 (omisso
1204 4227 1347 4307 militam)
1374 4227 1459 4290 bern.
1475 4250 1501 4291 s.
1521 4231 1581 4313 spei
1598 4233 1682 4296 bona

1151 4343 1153 4348 ,
1306 4329 1331 4384 ‚54
