4542 5318
609 369 678 440 288

608 543 684 618 lere
713 570 830 646 quam
857 567 1007 644 pacem3
1032 538 1146 612 multi
1174 537 1412 639 privatorum
1441 537 1617 616 audacias
1644 533 1897 618 nutrivertmt
1933 545 2012 648 Ego

609 666 709 740 nihil
735 667 869 752 timui,
895 664 967 738 nisi
1000 663 1095 764 leges
1112 695 1123 766 εχ
1146 661 1260 736 multi
1293 688 1398 736 arma
1425 688 1492 736 sua
1518 664 1642 738 timeri
1669 665 1883 740 voluerunt
1933 667 2012 770 Ego

609 817 813 890 nunquam
837 787 941 862 volui
973 786 1182 886 quicquam
1206 809 1333 886 posse,
1360 784 1432 858 nisi
1454 811 1525 887 pro
1545 785 1681 860 vobis:
1713 787 1827 860 multi
1845 814 1890 862 ex
1907 790 2012 864 robis

609 914 778 1015 potentia
802 911 905 997 freti,
932 910 973 981 in
999 934 1062 980 ros
1085 907 1161 980 suis
1181 906 1324 980 viribus
1347 907 1454 980 abusi
1480 923 1579 981 sunt
1620 911 1851 1010 Itaquenon
1869 927 1923 986 est
1943 914 2015 984 mi·
2050 965 2053 972 -

610 1064 715 1122 rum,
739 1035 770 1106 si
795 1033 939 1107 nullius
967 1030 1132 1104 amicitia
1159 1053 1247 1104 usus
1269 1054 1370 1117 sum,
1396 1029 1463 1130 qui
1486 1056 1565 1104 non
1586 1048 1769 1133 perpetuo
1793 1033 2013 1134 reipublicae

608 1159 752 1231 amicus
775 1156 876 1230 fuit:
903 1179 1030 1254 neque
1055 1179 1115 1226 me
1127 1153 1305 1254 poenitet,
1329 1152 1360 1225 si
1386 1159 1455 1226 aut
1474 1154 1618 1255 petenti
1631 1153 1787 1228 Vatinio
1804 1182 1867 1229 reo
1885 1175 2013 1258 patro·

609 1279 758 1355 ciuium
779 1278 973 1382 pollicitus
992 1301 1097 1363 sum,
1122 1290 1190 1346 aut
1207 1274 1307 1348 Sexti
1330 1273 1572 1348 insolentiam
1594 1277 1772 1378 repressi,
1797 1295 1863 1350 aut
1884 1279 2010 1354 Bibuli

608 1402 834 1507 patientiam
859 1398 1028 1502 culpavi,
1055 1412 1123 1470 aut
1147 1395 1355 1488 virtutibus
1382 1399 1533 1471 Caesaris
1549 1397 1636 1472 lavi.
1668 1400 1737 1470 11ae
1757 1400 1860 1474 enim
1882 1401 2010 1478 laudes

607 1526 742 1630 egregii
762 1523 852 1598 civis
874 1537 913 1598 et
932 1521 1056 1595 unicae
1075 1535 1173 1594 sunt.
1229 1519 1326 1616 Quae
1346 1519 1378 1593 si
1405 1535 1449 1592 tu
1470 1518 1568 1594 mihi
1585 1519 1644 1594 uti
1664 1521 1757 1595 vitia
1779 1523 1930 1614 obiicis,
1956 1543 2012 1600 te·

608 1651 761 1724 meritas
792 1663 866 1721 tua
898 1641 1219 1748 reprehendatur,
1244 1668 1325 1716 non
1350 1667 1434 1716 mea
1457 1642 1549 1716 vitia
1572 1641 1844 1746 culpabuntur.
1895 1647 2009 1722 Plura

608 1772 790 1860 dicerem,
816 1770 846 1844 si
866 1767 970 1869 apud
993 1767 1086 1842 alios
1106 1764 1206 1839 mihi
1227 1779 1318 1840 esset
1334 1764 1611 1855 disserendum,
1637 1767 1763 1842 Patres
1788 1771 2008 1874 conscripti,

607 1922 687 1970 non
712 1894 816 1996 apud
839 1887 927 1979 vos,
944 1915 1038 1991 quos
1054 1887 1175 1963 habui
1193 1888 1368 1962 omnium
1389 1887 1585 1962 actionum
1604 1915 1776 1964 mearum
1796 1893 2007 1968 monitores.

447 1998 451 2004 ¹
550 2017 697 2104 saed,
722 2016 790 2088 uhi
818 2039 946 2086 rerum
969 2010 1181 2086 testimonia
1200 2009 1356 2097 adsunt,
1381 2009 1477 2109 quid
1503 2035 1598 2112 opus
1626 2027 1681 2086 est
1701 2013 1848 2089 verbis?
1897 2017 2008 2090 Nunc

608 2139 658 2214 ad
682 2154 716 2212 te
739 2137 796 2210 uti
820 2149 1003 2221 revertar,
1028 2131 1193 2224 salusti,
1219 2148 1443 2232 patremque
1473 2147 1585 2205 tuum
1616 2151 1857 2236 praeteream:
1884 2139 1951 2238 qui
1976 2140 2006 2210 si

608 2259 874 2362 nunquamin
903 2257 980 2330 vita
1002 2281 1070 2330 sua
1105 2253 1294 2355 peccavit,
1321 2268 1447 2326 tamen
1469 2253 1652 2328 maiorem
1678 2257 1861 2332 iniuriam
1881 2261 2008 2362 reipu-

605 2385 718 2458 blicae
741 2381 862 2456 facere
884 2405 964 2454 non
983 2377 1129 2480 potuit,
1154 2401 1271 2477 quam
1295 2373 1399 2475 quod
1422 2388 1459 2446 te
1477 2373 1591 2450 ulem
1612 2375 1735 2452 lilium
1753 2382 1892 2483 genuit.
1934 2385 2008 2457 Ne·

603 2533 701 2610 que,
730 2503 822 2578 tusi
843 2528 918 2604 qua
942 2501 984 2573 in
1001 2497 1170 2602 pueritia
1192 2495 1371 2599 peccasti,
1396 2521 1592 2599 exsequar,
1608 2525 1656 2574 ne
1676 2519 1874 2607 parentem
1895 2521 2006 2580 tuum

526 2681 528 2686 ,
608 2628 738 2703 videar
753 2649 947 2711 accusare,
973 2621 1041 2724 qui
1061 2647 1105 2696 eo
1119 2635 1501 2721 temporesummam
1525 2619 1580 2694 tui
1597 2637 1820 2722 potestatem
1849 2624 2004 2718 habuit,

603 2751 670 2826 sed
690 2750 843 2852 qualem
870 2742 1162 2820 adolescentiam
1178 2741 1300 2845 egeris.
1340 2743 1426 2814 Hac
1453 2742 1557 2815 enim
1589 2743 1862 2838 demonstrata,
1894 2748 2006 2826 facile

605 2873 864 2976 intelligetur,
888 2895 1004 2970 quam
1025 2863 1216 2967 petulanti
1231 2862 1413 2965 pueritia,
1439 2889 1558 2964 quam
1573 2863 1847 2967 impudicusct
1865 2898 2005 2974 procax

605 2993 818 3070 adoleveris.
876 2994 1124 3090 Posteaquam
1160 2986 1351 3060 immensae
1382 2983 1481 3088 gulae
1517 2986 1805 3089 impudicissimi
1838 2996 2005 3097 corporis

605 3134 770 3220 quaestus
802 3115 969 3188 sufficere
998 3137 1079 3186 non
1111 3109 1262 3212 potuit,
1287 3124 1332 3184 ‚et
1354 3125 1442 3182 aetas
1461 3123 1528 3182 tua
1554 3110 1630 3196 iam
1658 3111 1707 3188 ad
1735 3140 1777 3188 ea
1806 3116 2004 3219 patienda,

605 3267 691 3344 quoe
717 3237 826 3312 alteri
861 3236 988 3313 facere
1011 3231 1275 3320 collibuisset,
1308 3230 1541 3324 exoleverat,
1574 3236 1847 3338 cupiditatibus
1875 3241 2004 3316 inlini-

604 3483 694 3542 Editt.
717 3481 798 3546 Laid.
813 3504 838 3541 c.
859 3480 1000 3550 cadamus
1021 3478 1180 3538 innuerem!
1200 3472 1250 3536 dc.
1278 3477 1349 3536 oud.
1366 3484 1536 3536 ¹melma-urat
1565 3478 1639 3538 Edd.
1666 3482 1789 3544 Veneto
1820 3487 2004 3548 calcaverunt

605 3587 684 3650 Gud.
705 3585 789 3647 Rem.
812 3587 870 3642 inc.
892 3585 953 3642 Bas.
974 3582 1053 3642 Leia.
1070 3603 1095 3641 c.
1125 3579 1258 3659 potentia
1277 3577 1471 3658 nostrasrati
1486 3591 1593 3642 contra
1617 3587 1651 3642 ln
1669 3607 1719 3646 vos
1745 3587 1796 3646 Ac.
1825 3587 1901 3650 Sesti
1916 3592 2002 3653 insol

603 3693 665 3750 Bas.
686 3689 819 3772 egregiam
836 3688 908 3752 civis,
923 3686 984 3742 Bas.
1006 3684 1151 3743 temeritas
1168 3693 1221 3742 tua
1242 3683 1474 3763 reprehendatur
1486 3683 1548 3744 Bas.
1569 3687 1649 3751 Laid.
1668 3700 1699 3752 c.'
1716 3691 1792 3748 m‘ilu'
1803 3703 1871 3752 osset
1889 3695 2003 3776 discep-

603 3798 728 3856 tandum
744 3797 803 3853 inc.
827 3785 1146 3850 discernendumGud.
1162 3786 1211 3846 Ac.
1227 3787 1380 3847 uastata.
1395 3809 1421 3847 c.
1442 3787 1600 3850 dicendum
1619 3794 1658 3850 ita
1674 3797 1762 3874 vulgo
1779 3808 1846 3856 aitte
1856 3798 2000 3860 Cortiutn.

604 3901 802 3960 disserendum
818 3895 898 3955 Cort.
907 3945 909 3948 .
919 3891 1092 3952 emendavit.
1103 3923 1146 3937 -
1163 3888 1240 3969 'Cap¹
1255 3891 1282 3948 5.
1305 3911 1384 3962 nunc
1400 3901 1433 3951 ut
1443 3893 1485 3951 ad
1497 3902 1525 3952 ta
1543 3893 1605 3954 Bas.
1615 3897 1716 3971 filium
1730 3919 1790 3961 om.
1802 3900 1862 3959 llas.
1877 3903 1937 3963 hac
1947 3909 2003 3964 da-

604 4013 768 4064 monslrota
789 4001 850 4059 Bas.
873 3997 954 4059 (lud.
976 3993 1324 4074 si-porlem'hobuerit
1346 3993 1423 4060 Gud.
1443 3993 1471 4055 si
1480 3998 1643 4059 etiam'Bas.
1664 4015 1920 4079 quaestam-sumtus
1934 4011 2002 4084 sus-

595 4095 688 4184 ficcre
703 4108 794 4166 llam.
808 4103 893 4164 ,Gud.
925 4099 1100 4179 quaestuaria
1118 4095 1272 4176 stupendis
1291 4106 1401 4157 sumtus
1418 4097 1498 4157 teia.
1516 4123 1541 4165 c.
1563 4103 1653 4162 alteri
1660 4105 1807 4180 faciendo
1833 4109 1893 4172 Bas.
1914 4110 2002 4170 colli·

566 4205 567 4210 ἵ
604 4213 728 4272 buissent
746 4210 825 4273 Laid.
840 4229 865 4267 c.
894 4205 943 4266 cui
963 4223 1093 4282 ιυιᾳιωιη
1113 4201 1234 4262 dubium
1245 4201 1332 4261 'Laid
1352 4223 1378 4262 c.
1408 4213 1529 4280 nequam
1545 4207 1608 4283 quir
1623 4203 1746 4275 ‘Laida
1774 4223 1844 4272 ante
1862 4234 2001 4291 quaerero
