4560 5338
576 287 602 382 l

577 469 726 574 Cyrus,
763 467 805 540 in
839 463 1001 540 Graecia
1031 454 1320 537 Lacedaemonii
1352 475 1392 536 et
1421 455 1667 538 Athenienses
1695 481 1844 564 coepere
1864 455 1977 532 nrbes

575 609 692 696 atque
712 591 885 667 nationes
907 588 1095 692 subigere,
1120 585 1336 662 lubidinem
1356 584 1584 661 dominandi
1603 609 1774 660 caussam
1794 580 1886 656 belli
1908 577 1980 652 ha-

575 717 693 806 bere,
723 740 944 790 maxumam
968 710 1129 817 gloriam
1152 710 1195 784 in
1222 736 1401 784 maxumo
1422 708 1582 812 imperio
1604 723 1769 812 putare:
1806 723 1891 780 tum
1914 700 1979 776 de-

575 867 684 916 mum
701 838 873 943 periculo
890 853 1005 938 atque
1032 833 1191 938 negotiis
1210 849 1449 938 compertum
1479 849 1549 923 est,
1585 833 1627 906 in
1646 830 1749 906 bello
1764 829 1978 934 plurimum

516 1005 519 1012 ·
581 963 781 1068 ingenium
800 985 913 1065 posse.
947 956 1065 1055 Quod
1089 957 1121 1031 si
1142 981 1276 1062 regum
1292 973 1407 1060 atque
1428 955 1703 1059 imperatorum
1720 953 1840 1030 animi
1860 951 1981 1027 virtus

574 1086 616 1160 in
643 1113 736 1190 pace
758 1086 830 1174 ita,
855 1083 913 1158 uti
945 1083 987 1157 in
1015 1079 1134 1170 bello,
1163 1079 1324 1168 valeret,
1353 1077 1579 1182 aequabilius
1606 1096 1722 1181 atque
1745 1073 1980 1153 constantius

573 1233 650 1284 sese
674 1235 731 1284 res
747 1208 930 1283 humanae
949 1205 1154 1296 haberent3
1177 1229 1303 1306 neque
1324 1203 1432 1278 aliud
1455 1203 1531 1277 alio
1555 1203 1665 1291 ferri,
1691 1229 1816 1304 neque
1837 1195 1978 1274 mutari

576 1358 621 1406 ac
644 1332 791 1406 misceri
813 1329 942 1404 omnia
966 1354 1144 1402 cerneres.
1195 1330 1292 1402 Nam
1316 1327 1522 1430 imperium
1543 1325 1655 1401 facile
1679 1324 1738 1398 his
1755 1325 1904 1398 artibus
1922 1349 1979 1396 re-

575 1453 735 1544 tinetur,
761 1453 902 1556 quibus
922 1451 1035 1526 initio
1072 1466 1229 1554 partum
1259 1467 1321 1526 cst.
1372 1453 1518 1526 Verum
1547 1450 1616 1523 ubi
1637 1476 1709 1552 pro
1733 1446 1862 1521 labore
1885 1446 1980 1521 desi·

575 1577 659 1668 dia,
686 1605 757 1680 pro
781 1569 1020 1651 continentia
1038 1590 1076 1646 et
1096 1573 1275 1673 aequitate
1294 1571 1429 1646 lubido
1447 1589 1563 1674 atque
1588 1570 1765 1674 superbia
1789 1571 1980 1661 inuasere;

575 1699 732 1774 fortuna
753 1698 867 1772 simul
886 1722 977 1770 cum
999 1694 1169 1768 moribus
1189 1695 1424 1768 immutatur.
1463 1697 1521 1766 lta
1542 1694 1748 1796 imperium
1765 1717 1911 1796 semper
1930 1692 1980 1766 ad

576 1838 781 1923 optumum
816 1845 1008 1922 quemque
1051 1845 1072 1890 a
1107 1817 1236 1890 minus
1263 1818 1365 1892 bono
1397 1816 1631 1892 transfertur.
1677 1817 1774 1913 Quoe
1806 1815 1980 1890 homines

577 1961 708 2034 arant,
730 1944 937 2048 nauigant,
950 1938 1162 2028 aedificant,
1179 1939 1313 2013 virtuti
1329 1941 1458 2013 omnia
1479 1955 1639 2042 parent·
1660 1940 1732 2015 Sed
1753 1940 1866 2014 multi
1880 1967 1979 2013 mor-

580 2067 671 2142 tales
695 2067 815 2141 dediti
834 2064 959 2140 ventri
980 2081 1096 2165 atque
1122 2088 1273 2152 somno,
1299 2062 1445 2137 indocti
1468 2063 1684 2164 incultique
1709 2063 1844 2151 vitam,
1867 2063 1979 2137 sicuti

577 2191 875 2294 peregrinantes,
897 2205 1130 2290 transegere:
1154 2186 1313 2287 quibus,
1332 2183 1502 2288 profecto
1528 2203 1660 2260 contra
1682 2205 1880 2276 naturam,
1898 2213 1979 2260 cor-

484 2399 488 2407 ,
577 2339 650 2416 pus
678 2312 884 2416 voluptati,
919 2311 1049 2384 anima
1076 2309 1182 2384 oneri
1208 2309 1310 2383 fuit:
1348 2335 1482 2383 eorum
1505 2335 1573 2413 ego
1599 2309 1718 2384 vitam
1743 2327 1978 2412 mortemque

576 2436 683 2510 iuxta
707 2452 885 2524 aestumo,
909 2433 1095 2536 quoniam
1116 2432 1164 2506 de
1180 2448 1344 2534 utraque
1366 2433 1509 2507 siletur.
1548 2435 1694 2507 Verum
1713 2435 1818 2508 enirn
1841 2433 1979 2509 vernis

579 2558 736 2634 demum
768 2556 867 2633 mihi
899 2557 1023 2631 vivere
1043 2571 1158 2660 atque
1179 2554 1257 2648 frui
1282 2559 1410 2631 anima
1430 2555 1599 2646 videtur,
1624 2556 1691 2660 qui
1714 2555 1845 2660 aliquo
1868 2583 1979 2661 nego-

576 2767 757 2836 compertum
776 2754 809 2813 in
829 2755 911 2814 bello.
932 2755 1013 2814 Laid.
1035 2775 1060 2812 o.
1082 2763 1123 2812 est
1143 2771 1239 2830 comp.
1253 2749 1333 2807 leid.
1351 2752 1371 2808 i.
1383 2750 1415 2808 t'n
1438 2753 1576 2830 parenti.
1595 2753 1656 2811 Bas.
1680 2773 1707 2812 2.
1725 2751 1754 2824 d.
1775 2752 1865 2814 Acad.
1883 2753 1977 2814 sicani.

576 2860 674 2918 Turio.
692 2881 718 2918 2.
741 2860 783 2916 ita
797 2867 838 2916 ut.
859 2858 918 2916 Eri.
935 2856 1004 2937 Teg.
1016 2855 1085 2942 Tur.
1108 2877 1133 2914 1.
1156 2855 1241 2914 Bern.
1264 2874 1288 2910 r.
1304 2853 1333 2912 3.
1354 2853 1398 2912 t'to
1416 2856 1448 2913 in
1468 2877 1541 2936 pace
1558 2868 1599 2916 ul.
1620 2859 1705 2917 Bern.
1728 2880 1755 2918 2.
1771 2861 1856 2930 multi
1875 2870 1981 2939 preele-

576 2983 625 3023 rea
641 2963 797 3024 verborum
820 2961 954 3019 ordinem
976 2969 1101 3019 mutant.
1114 2961 1247 3036 fortuna
1263 2978 1330 3017 crem
1347 2960 1482 3020 moribus.
1497 2961 1577 3021 [eid.
1590 2961 1622 3022 h.
1637 2963 1979 3039 adaulforlurm.llas.3.

576 3075 752 3147 transegere.
767 3066 848 3124 leid.
867 3087 897 3124 a..
908 3087 934 3124 c.
948 3065 978 3122 d.
996 3085 1022 3123 e.
1035 3067 1057 3123 i.
1070 3064 1101 3122 k.
1111 3067 1131 3122 l.
1148 3084 1179 3121 n.
1194 3067 1292 3142 plures
1308 3062 1405 3123 Oxon.
1424 3065 1508 3124 Febr.
1525 3077 1619 3148 uterq.
1633 3069 1729 3128 Senat.
1744 3068 1814 3126 duo.
1829 3067 1890 3126 Bas.
1910 3089 1935 3126 r.
1950 3089 1977 3126 2.

576 3173 606 3244 d.
626 3174 725 3233 Hense.
742 3173 842 3233 Vinar.
863 3170 983 3230 Eccerd.
1002 3166 1091 3228 lead.
1105 3167 1203 3226 Gttelf.
1226 3189 1250 3226 r.
1267 3187 1295 3226 2.
1311 3167 1338 3228 3.
1356 3168 1384 3238 d.
1405 3191 1434 3248 g
1450 3179 1479 3228 et
1502 3190 1547 3229 12.
1567 3193 1680 3232 mser.
1696 3171 1765 3229 Tur.
1785 3193 1811 3230 r.
1830 3171 1889 3230 Erl.
1907 3171 1975 3253 Teg.
2007 3181 2009 3186 ’

577 3277 663 3335 Bern.
688 3298 713 3335 r.
730 3277 758 3334 3.
780 3275 950 3353 transigere,
967 3273 1064 3334 Guelf.
1083 3275 1110 3333 5.
1134 3294 1180 3333 ro.
1202 3273 1264 3332 Bas.
1277 3274 1306 3332 3.
1326 3273 1405 3332 Leid.
1428 3274 1448 3330 f.
1465 3295 1493 3354 g.
1509 3296 1555 3332 m.
1565 3277 1686 3354 plurimi
1698 3275 1817 3334 Gruteri·
1831 3285 1860 3334 et
1874 3267 1998 3334 Wassii·⁸

575 3379 655 3439 libri.
676 3378 828 3436 tramiere.
846 3379 948 3436 Guell..
963 3379 991 3435 6.
1013 3400 1040 3456 7.
1053 3377 1133 3436 Leid.
1152 3377 1182 3435 b.
1195 3376 1226 3435 h.
1245 3381 1342 3458 plures
1351 3378 1429 3439 Rivii
1444 3391 1562 3458 nrscrpt.
1592 3381 1688 3439 Turia.
1705 3401 1733 3439 2.
1749 3380 1834 3439 Bern.
1851 3399 1879 3439 2.
1891 3379 1981 3440 Rern..

576 3483 718 3542 1nc.duo
740 3482 835 3542 Strur.
855 3482 933 3540 Serv.
951 3480 989 3538 ad
1010 3479 1091 3561 Virg.
1115 3479 1221 3561 Georg.
1248 3503 1272 3539 1.
1295 3482 1323 3540 3.
1346 3482 1456 3541 horum
1475 3503 1537 3562 ego.
1562 3485 1696 3544 Priscian.
1724 3486 1769 3555 14.
1788 3484 1817 3545 3.
1831 3486 1900 3545 601.
1920 3485 1980 3545 Ed.

578 3583 822 3664 Krehl.qttor1tm
841 3583 924 3643 Leid.
944 3584 971 3641 k.
993 3582 1103 3642 estimo.
1123 3583 1185 3642 Bas.
1213 3605 1238 3643 1.
1253 3584 1337 3642 Bam.
1361 3606 1387 3642 r.
1406 3585 1479 3644 Tur..
1499 3609 1524 3645 ι.
1542 3589 1601 3647 Eri.
1624 3590 1693 3672 Teg.
1720 3600 1859 3661 aerternae,
1874 3590 1978 3651 edida-⁰

578 3705 648 3754 runt
663 3692 778 3750 Gruter.
800 3700 827 3748 cl
841 3687 976 3748 Wassius.
996 3687 1145 3747 Leidenses
1161 3699 1280 3768 excepto
1302 3709 1342 3746 m.
1364 3689 1494 3749 enslimo.
1512 3692 1574 3750 Bas.
1597 3693 1626 3752 3.
1645 3694 1764 3754 extimo.
1781 3696 1898 3753 Martio.
1913 3694 1975 3754 Bas.

575 3795 774 3866 iserdum,
786 3795 870 3852 Bern.
886 3813 915 3851 2.
929 3791 958 3850 3.
972 3791 1034 3848 Bas.
1050 3811 1077 3850 2.
1090 3791 1161 3852 Tur.
1181 3813 1209 3852 2.
1237 3792 1468 3856 Eccardstrur.
1487 3795 1585 3855 Guclf.
1608 3820 1632 3856 ι.
1649 3799 1725 3868 dfe.
1752 3821 1779 3878 7.
1802 3820 1831 3877 9.
1854 3819 1899 3858 ro.
1927 3819 1976 3858 12.

577 3900 661 3962 leid.
681 3924 722 3962 m.
741 3900 844 3963 Wassii
857 3897 955 3990 lib.1.
971 3906 999 3956 et
1009 3896 1048 3956 II.
1062 3906 1092 3956 et
1103 3897 1194 3956 Mark.
1209 3909 1249 3959 Λ..
1265 3897 1416 3958 extrema.
1433 3899 1529 3958 Pemb.
1552 3911 1682 3980 utreque.
1693 3903 1773 3962 Leid.
1788 3906 1809 3962 l.

644 4105 717 4187 Cap.
732 4108 761 4169 3.
784 4109 944 4168 absurdum
961 4106 1078 4185 (omisso
1098 4106 1152 4183 cst)
1170 4105 1249 4167 Leid.
1262 4105 1294 4166 h.
1316 4117 1348 4166 at
1366 4107 1449 4169 mite.
1466 4111 1547 4170 Leid.
1565 4134 1592 4171 a.
1610 4110 1641 4170 lr.
1662 4135 1688 4172 c.
1709 4135 1734 4174 e.
1750 4115 1814 4175 tt.
1838 4115 1924 4178 Febr.
1946 4141 1977 4183 2.

576 4213 678 4282 vicar.
693 4233 721 4274 2.
737 4213 833 4274 Sonat.
850 4234 878 4275 2.
893 4215 995 4273 incert.
1013 4221 1142 4293 uterque.
1158 4210 1277 4273 Eccard.
1295 4213 1379 4274 llam.
1399 4217 1505 4278 a.Guel
1519 4219 1539 4277 l.
1557 4240 1585 4300 7.
1601 4219 1630 4280 8.
1649 4239 1678 4296 9.
1699 4239 1744 4280 ro.
1766 4222 1891 4298 temetsi,
1907 4244 1977 4287 om·
