4582 5320
595 453 665 505 100

592 603 828 696 obtinuerat,
853 601 955 679 inter
965 599 1194 707 Iugurtham
1214 613 1253 677 et
1271 597 1526 678 Adherbalem
1547 599 1784 690 dividerent,
1809 594 1916 670 cuius
1939 593 1993 666 lc·

592 729 753 834 gationis
780 727 958 832 princeps
978 725 1054 800 fuit
1073 729 1112 800 L
1129 723 1324 828 Opimius,
1348 723 1466 799 bomo
1483 726 1608 799 clarus
1628 740 1666 798 et
1686 740 1769 797 tum
1795 719 1836 794 in
1852 721 1996 794 Senatu

594 869 747 956 potens:
773 852 865 953 quia
889 849 1040 938 consul,
1069 850 1106 924 O
1132 845 1309 922 Graccho
1329 863 1367 921 et
1384 849 1436 920 M.
1454 848 1590 922 Fulvio
1615 847 1751 920 Flacco
1771 842 1995 928 interfectis,

592 977 787 1050 acerrume
806 971 1006 1049 victoriam
1026 971 1237 1046 nobilitatis
1256 971 1297 1044 in
1319 971 1469 1074 plebem
1488 986 1714 1046 exercuerat.
1733 970 1845 1042 Eum
1861 969 1995 1068 lugur-

595 1096 660 1172 tha
686 1097 834 1172 tametsi
849 1097 977 1170 Romae
995 1096 1037 1170 in
1060 1095 1190 1168 amicis
1210 1092 1419 1187 babuerat,
1443 1112 1571 1168 tamen
1594 1091 1875 1168 adcuratissime
1894 1113 1994 1163 reee-

593 1221 670 1324 pit:
699 1221 828 1297 dando
843 1235 882 1296 et
898 1217 1151 1323 pollicitando
1170 1218 1293 1291 multa
1321 1216 1480 1321 perfecit
1490 1251 1501 1311 ;
1515 1218 1575 1292 uti
1596 1216 1720 1306 fama,
1744 1214 1835 1304 lide,
1855 1228 1996 1316 postre-

594 1371 658 1420 mo
679 1345 856 1419 omnibus
875 1344 950 1417 suis
971 1343 1082 1416 rebus
1103 1340 1347 1416 commodum
1369 1341 1465 1444 regis
1485 1339 1696 1414 anteferret
1746 1338 1924 1440 Reliquos
1944 1337 1996 1411 le-

594 1483 698 1572 gatos
722 1469 853 1545 eadem
876 1468 936 1542 via
962 1467 1176 1570 adgressus,
1208 1465 1408 1567 plerosque
1439 1464 1560 1568 capit:
1589 1463 1719 1566 paucis
1739 1462 1863 1536 carior
1884 1459 1996 1554 fides,

596 1617 714 1693 quam
736 1592 900 1696 pecunia
925 1590 1009 1664 l’uit.
1060 1592 1106 1663 In
1136 1588 1341 1676 divisione,
1367 1614 1452 1690 quoe
1479 1613 1566 1690 pars
1593 1585 1782 1660 Numidia:
1813 1585 1996 1658 Maurita-

602 1715 708 1788 niam
741 1714 924 1817 adtingit,
948 1741 1037 1816 agro
1067 1711 1233 1813 virisque
1259 1711 1494 1814 opulentior,
1523 1708 1718 1814 Iugurthae
1738 1708 1919 1782 traditur:
1953 1707 1997 1779 il-

602 1835 681 1910 lam
698 1837 856 1911 alteram
874 1837 996 1939 specie
1024 1862 1141 1937 quam
1159 1860 1231 1907 usu
1247 1834 1454 1936 potiorem,
1475 1859 1561 1935 quae
1589 1833 1805 1936 portuosior
1826 1848 1863 1906 et
1881 1829 1997 1904 aedil:-

551 1958 664 2032 ¹7ciis
687 1959 804 2060 magis
828 1974 1008 2032 exornata
1029 1974 1132 2045 erat,
1154 1955 1349 2030 Adherbal
1369 1956 1539 2059 possedit.
1590 1958 1658 2030 Res
1686 1955 1877 2058 postulare
1898 1954 1998 2029 vide·

599 2097 663 2153 tur
680 2079 817 2153 Africae
836 2079 951 2154 situm
968 2081 1100 2183 paucis
1114 2105 1320 2182 exponere,
1337 2096 1375 2153 et
1395 2104 1456 2152 eas
1475 2095 1623 2182 gentes,
1640 2079 1870 2181 quibuscum
1890 2077 1998 2156 nobis

601 2203 747 2277 bellum
776 2220 843 2277 aut
869 2203 1035 2277 amicitia
1056 2202 1152 2291 fuit,
1179 2202 1381 2305 adtingere.
1433 2201 1504 2274 Sed
1530 2228 1615 2304 quae
1647 2202 1729 2275 loca
1762 2217 1801 2314 et
1828 2201 2005 2274 nationes.

602 2326 651 2400 ob
676 2327 840 2402 calorem
875 2343 943 2401 aut
962 2328 1221 2430 asperitatem,
1248 2325 1339 2398 item
1365 2323 1587 2398 solitudines
1607 2325 1735 2398 minus
1759 2323 1997 2426 frequentata

601 2466 692 2524 sunt
698 2483 709 2543 3
733 2451 780 2526 de
799 2452 829 2524 is
844 2447 951 2525 hau'd
965 2450 1075 2524 facile
1094 2465 1331 2552 compertum
1348 2448 1600 2532 narraverim:
1621 2457 1748 2522 ‘cetera
1766 2475 1883 2550 quam
1902 2473 1995 2550 pau·

602 2555 770 2649 cissumis
793 2574 993 2648 absolvam.
1044 2577 1091 2646 In
1117 2567 1312 2648 divisione*
1330 2572 1430 2647 orbis
1453 2589 1560 2645 terra:
1589 2571 1762 2674 plerique
1787 2571 1828 2645 in
1854 2587 2000 2674 partem

536 2719 539 2725 ·
603 2697 751 2772 tertiam
773 2697 945 2774 africam
965 2722 1145 2800 posuere:
1171 2696 1285 2799 pauci
1308 2694 1572 2770 tantummodo
1594 2695 1721 2768 Asiam
1746 2711 1784 2769 et
1807 2697 2000 2798 Europam

602 2844 696 2910 esse,
713 2819 777 2894 sed
794 2821 962 2896 Africam
984 2821 1027 2893 in
1051 2821 1214 2921 Europa.
1251 2821 1307 2892 Ea
1327 2816 1412 2892 linis
1430 2818 1547 2892 habet
1564 2818 1613 2891 ab
1635 2819 1841 2892 Occidente
1862 2819 2003 2893 fretum

604 2943 722 3016 nostri
743 2943 857 3016 maris
878 2959 916 3016 et
937 2942 1099 3032 Oceani,
1126 2943 1175 3016 ab
1198 2959 1285 3017 ortu
1300 2943 1387 3016 solis
1401 2941 1585 3016 declivem
1601 2941 1866 3016 latitudinem:
1890 2969 2005 3045 quem

603 3140 700 3205 Guell.
715 3161 741 3200 a.
762 3141 875 3200 Leidl.
897 3139 967 3219 quia
987 3140 1071 3200 Fabr.
1089 3161 1113 3198 ι.
1135 3141 1197 3200 Bas.
1217 3162 1242 3200 1.
1263 3141 1330 3200 Sen.
1352 3163 1377 3200 1.
1398 3140 1482 3200 uem.
1499 3161 1526 3200 a.
1549 3139 1645 3201 Gucll.
1659 3141 1687 3202 3.
1715 3141 1795 3207 Laid.
1814 3139 1845 3201 h.
1858 3140 1878 3204 i.
1895 3143 1915 3199 Ι,
1929 3161 1968 3200 ιιι.
1983 3161 2003 3198 ιι

602 3244 670 3326 Nar.
691 3245 787 3304 Τιιιίο.
810 3267 851 3305 ιιι.
862 3265 908 3324 pr.
940 3244 1399 3324 Bern.1.3.quictconsu1ibus
1428 3246 1516 3326 longe
1529 3247 1661 3325 plurimi.
1690 3266 1773 3324 quem
1791 3245 1856 3326 lug.
1877 3245 1955 3305 Laid.
1973 3247 2002 3304 d.

603 3347 663 3404 Erl.
687 3346 801 3408 Gracco
819 3350 951 3428 plerique
967 3360 995 3408 ot
1010 3351 1114 3428 optimi
1130 3350 1207 3409 libri.
1229 3349 1261 3408 in
1276 3349 1403 3409 inimicis
1423 3349 1569 3409 Commel.
1590 3349 1742 3410 immicum
1764 3351 1851 3410 Palat.
1868 3374 1896 3432 7.
1915 3350 2004 3431 polli-

605 3450 726 3508 citando
737 3451 822 3509 Fabr.
839 3473 863 3515 ι,
882 3453 950 3512 Vin.
968 3473 995 3516 a.
1017 3455 1076 3512 inc.
1093 3475 1117 3510 1.
1136 3454 1232 3513 Struv.
1254 3453 1352 3514 Guell.
1367 3476 1395 3536 7.
1410 3474 1456 3512 ra.
1477 3455 1568 3514 Marl.
1579 3469 1609 3520 r.
1626 3455 1794 3536 polliccndo
1803 3457 1898 3517 ceteri.
1914 3455 2006 3516 mrtlta

606 3575 666 3618 om.
688 3553 784 3612 Guell.
800 3577 827 3634 7.
849 3555 952 3618 Fraus.
972 3554 1054 3614 Leid.
1070 3581 1110 3615 ιιι.
1122 3545 1231 3634 samo,
1242 3560 1309 3633 fids
1327 3558 1395 3617 Nar.
1417 3558 1563 3618 Commel.
1582 3560 1649 3623 Sen.
1665 3581 1691 3624 ι.
1705 3560 1767 3620 Bas.
1779 3582 1804 3620 1.
1819 3561 1905 3621 Fabr.
1912 3571 2005 3642 uterq.

605 3657 636 3724 B.
655 3657 726 3720 Pub.
748 3656 845 3721 Pemb.
867 3657 963 3718 Turio.
985 3659 1069 3720 Rern,
1080 3660 1109 3720 ὅ.
1130 3661 1190 3721 duo
1204 3662 1288 3721 Paris.
1311 3665 1427 3739 sarna,
1439 3665 1505 3738 fide
1533 3663 1614 3724 Leid.
1624 3688 1651 3724 a.
1665 3687 1692 3726 o.
1706 3665 1736 3724 d.
1747 3687 1775 3748 g.
1785 3669 1806 3724 i.
1821 3667 1848 3724 k.
1859 3670 1879 3725 l.
1891 3668 2006 3743 samu,

595 3763 674 3839 fidei
692 3763 789 3830 ceteri,
816 3760 1041 3822 Mauretaneam
1069 3763 1132 3825 Bas.
1147 3788 1171 3830 ι.
1198 3787 1272 3846 agro
1286 3766 1356 3828 virts
1380 3771 1476 3830 struv.
1496 3768 1634 3830 Guelta.
1649 3772 1678 3840 4.
1696 3789 1742 3830 aa.
1770 3770 1835 3830 usui
1862 3769 1959 3835 Guell.
1976 3770 2004 3834 6.

603 3869 721 3933 Vtatl.
741 3867 810 3928 Nar.

687 3993 761 4077 Cap.
784 4018 830 4078 ¹7·
859 4015 926 4054 cum
947 3995 1047 4074 quibus
1066 3997 1150 4058 Fabr.
1164 4017 1191 4058 2.
1211 3999 1306 4060 Strur.
1327 4001 1386 4061 inc.
1407 4021 1432 4059 ι.
1452 4001 1519 4060 Seu.
1532 4021 1559 4062 a.
1580 4001 1680 4062 Heuss.
1700 4001 1837 4074 GuelM.
1853 4026 1881 4083 7.
1901 4002 2006 4062 ballum

605 4100 715 4161 amicit.
737 4100 806 4166 Tur.
827 4099 892 4160 loca
904 4099 1037 4160 nationes
1056 4100 1153 4160 Guelf.
1169 4123 1215 4162 aa.
1242 4103 1327 4168 Bodl.
1347 4115 1375 4164 et
1391 4115 1454 4164 not.
1475 4127 1535 4172 om.
1556 4105 1623 4167 Ecc.
1641 4108 1841 4186 frequentate
1859 4108 1955 4167 Senat.
1980 4127 2007 4166 a.

605 4204 685 4272 Vrat
699 4223 725 4262 a.
746 4205 845 4266 lleuss.
867 4205 936 4264 deis
953 4203 1051 4264 Guelf.
1063 4206 1093 4276 4.
1109 4205 1137 4264 6.
1165 4206 1199 4264 in
1215 4215 1331 4286 purtem
1353 4209 1471 4271 tertiam
1491 4209 1638 4270 Commel.
1657 4213 1717 4272 ine.
1734 4231 1761 4271 a.
1782 4211 1887 4271 franc.
1908 4209 2004 4278 Guelf,

607 4308 636 4378 l.
649 4307 677 4366 6.
693 4326 738 4372 aa.
758 4308 839 4367 leid.
853 4307 884 4368 h.
898 4329 940 4368 ιιι.
960 4307 1081 4372 Remu·
1101 4308 1220 4392 August.
1234 4309 1318 4371 OD.
1337 4311 1389 4384 16,
1409 4333 1455 4393 ¹7·
1477 4313 1537 4373 duo
1555 4314 1641 4376 Paris.
1660 4315 1773 4396 Europ.
1788 4335 1851 4379 csso.
1873 4333 1931 4376 esse
1945 4335 2006 4379 om.

605 4414 665 4476 inc.
685 4432 711 4472 ι.
731 4411 851 4475 Vtatd.
870 4412 989 4474 Laida.
1004 4412 1035 4473 h.
1056 4414 1161 4475 incola
1177 4415 1337 4494 adpellant.
1356 4416 1462 4476 'bacola
1481 4438 1542 4483 om.
1563 4416 1661 4479 Guett
1677 4440 1723 4479 ιι.
1743 4419 1858 4504 Regios.
1885 4418 2017 4496 arboriq
