4582 5320
1717 408 1802 478 aab

402 575 556 651 insidias
576 555 707 650 tendit
744 575 867 679 Igitur
885 599 987 650 unus
1005 599 1051 650 cx
1070 599 1115 649 co
1136 600 1320 666 numero,
1339 576 1416 679 qni
1443 576 1494 652 ad
1513 577 1654 654 caedem
1680 580 1804 683 parati

399 716 525 790 erant,
549 699 682 804 paullo
701 699 952 774 inconsultius
968 697 1167 772 Massivam
1183 697 1421 804 adgreditur,
1448 700 1562 778 illum
1580 703 1804 778 obtruncat:

398 821 463 897 sed
480 823 556 926 ipse
578 821 846 925 deprehensus,
866 821 997 898 multis
1012 819 1257 896 hortantibus
1278 837 1318 896 ct
1339 822 1380 897 in
1401 823 1534 926 primis
1552 825 1695 900 Albino
1716 851 1807 902 con-

399 945 496 1036 sule,
522 946 711 1021 indicium
726 943 937 1050 profitetur.
971 944 1036 1019 Fit
1054 970 1146 1019 reus.
1160 944 1277 1048 magis
1294 971 1340 1020 ex
1362 969 1473 1050 aequo
1491 947 1672 1052 bonoque
1692 977 1811 1052 quam

313 1091 317 1100 '
403 1095 448 1144 ex
470 1069 553 1144 iure
581 1069 756 1176 gentium
780 1067 984 1158 bomilcar,
1014 1093 1138 1142 comcs
1158 1067 1255 1156 eius,
1281 1068 1350 1170 qui
1371 1071 1533 1144 Romam
1554 1070 1629 1148 lide
1651 1073 1810 1176 publica

401 1209 563 1267 venerat
602 1197 653 1266 At
673 1190 860 1298 Iugurtha
879 1189 1101 1266 manifestus
1130 1189 1227 1268 tanti
1246 1192 1414 1284 sceleris,
1437 1221 1520 1269 non
1548 1193 1656 1298 prius
1684 1197 1812 1270 omisit

403 1332 534 1391 contra
557 1343 690 1391 verum
715 1317 789 1390 niti
816 1343 935 1418 quam
954 1313 1130 1389 animum
1158 1313 1343 1405 advortit,
1376 1340 1494 1420 supra
1512 1318 1675 1423 gratiam
1694 1334 1810 1422 atque

402 1440 606 1543 pecuniam
623 1466 732 1516 suam
757 1440 942 1516 invidiam
966 1436 1057 1516 sacti
1080 1461 1162 1512 esse
1214 1437 1355 1542 Igitur,
1387 1467 1624 1544 quamquam
1642 1441 1685 1516 in
1706 1442 1810 1545 prio·

405 1589 445 1677 re
476 1562 626 1638 actione
659 1589 705 1638 ex
734 1563 865 1637 amicis
889 1559 1173 1665 quinquaginta
1207 1561 1318 1636 vades
1347 1561 1522 1659 dederat,
1552 1591 1668 1669 regno
1692 1565 1811 1670 magis

404 1713 522 1788 quam
541 1684 702 1760 vadibus
721 1684 937 1775 consulens,
962 1683 1063 1760 clam
1093 1683 1134 1756 in
1159 1683 1383 1759 Numidiam
1404 1684 1654 1764 Bomilcarem
1681 1687 1812 1762 dimit-

406 1808 474 1882 tit:
500 1807 641 1882 veritus
668 1833 718 1883 ne
743 1806 910 1910 reliquos
929 1805 1127 1911 popularis
1156 1823 1279 1882 metus
1305 1808 1501 1885 invaderet
1525 1808 1686 1912 parendi
1719 1811 1811 1902 sibi,

404 1931 434 2007 si
453 1929 501 2006 de
521 1930 589 2006 illo
606 1929 841 2034 supplicium
861 1946 1033 2005 sumtum
1055 1928 1161 2005 foret
1200 1931 1250 2004 Et
1273 1929 1351 2033 ipse
1369 1930 1501 2035 paucis
1520 1931 1654 2007 diebus
1677 1932 1812 2012 eodem
1927 2025 1930 2030 ι

404 2054 595 2160 profectus
611 2071 685 2144 est,
712 2053 831 2128 iussus
847 2055 896 2128 ab
914 2055 1058 2132 Senatu
1075 2052 1186 2126 Italia
1203 2052 1392 2128 decedere.
1429 2053 1503 2129 Sed
1518 2068 1723 2158 postquam
1739 2057 1814 2134 llo-

406 2205 469 2254 ma
488 2201 653 2284 egressus
675 2191 748 2266 cst,
764 2175 902 2266 fertur,
919 2201 1019 2281 saepe
1039 2201 1084 2250 co
1103 2175 1240 2252 tacitm
1258 2175 1478 2280 respiciens,
1497 2195 1686 2282 postremo
1702 2179 1816 2256 dixis-

408 2325 445 2377 se
461 2334 469 2376 :
496 2301 655 2390 „urbem
670 2298 845 2376 venalem
860 2314 899 2374 et
915 2315 1065 2374 mature
1077 2298 1306 2402 perituram,
1330 2299 1362 2373 si
1376 2317 1587 2406 emptorem
1600 2301 1815 2380 invenerit?

407 2423 567 2500 Interim
588 2421 774 2512 Albinus,
805 2439 986 2497 renovato
1015 2419 1137 2511 bello,
1162 2437 1438 2514 commeatum,
1462 2422 1700 2528 stipendium
1721 2426 1863 2504 alia-36

408 2574 501 2651 que,
522 2571 609 2650 quar
631 2543 820 2625 militibus
842 2543 929 2624 usui
949 2542 1094 2632 forent,
1114 2559 1283 2618 maturat
1305 2543 1346 2617 in
1363 2544 1533 2621 Africam
1552 2562 1733 2650 portare,
1770 2577 1817 2624 ac

407 2671 536 2748 statim
560 2671 639 2779 ipse
660 2665 869 2771 profectus,
896 2667 956 2742 uti
976 2682 1066 2742 ante
1086 2665 1259 2756 comitia,
1283 2667 1389 2772 quod
1410 2684 1558 2772 tempus
1575 2667 1683 2746 haud
1701 2670 1816 2779 longe

411 2796 559 2882 aberat,
585 2792 701 2866 armis
732 2807 800 2866 aut
829 2789 1025 2872 deditione
1048 2805 1117 2864 aut
1144 2789 1278 2890 quovis
1301 2789 1417 2872 modo
1437 2791 1585 2867 bellum
1602 2793 1815 2872 conficeret

411 2923 459 2995 At
489 2934 623 2994 contra
649 2914 836 3020 Iugurtha
863 2913 1015 2990 trahere
1039 2913 1200 3002 omnia,
1234 2929 1273 2987 et
1299 2912 1392 2988 alias
1419 2913 1558 2990 deinde
1584 2915 1677 3000 alias
1698 2943 1816 3016 morae

411 3067 555 3119 caumas
577 3040 728 3118 facere:
753 3038 927 3142 polliceri
946 3037 1198 3126 deditionem,
1223 3062 1269 3112 ac
1290 3037 1429 3118 deinde
1449 3054 1596 3114 metum
1617 3038 1815 3120 simulare³

412 3238 509 3299 Guell.
528 3259 553 3298 1.
573 3237 642 3298 Vin.
659 3258 684 3302 1.
704 3235 789 3297 Fabr.
810 3237 931 3300 Item-1.
951 3236 1020 3319 Τις.
1042 3233 1130 3300 tmtd.
1145 3233 1268 3294 tetendit
1286 3233 1346 3294 inc.
1360 3253 1387 3293 a.
1407 3233 1492 3298 nem.
1507 3256 1532 3295 1.
1553 3234 1651 3298 Guell'.
1663 3237 1693 3308 4·
1705 3225 1816 3302 troad

388 3401 392 3408 ,
411 3361 448 3402 cc
467 3343 574 3402 deinde
592 3341 662 3424 Tcg.
681 3341 740 3400 Erl.
761 3339 1078 3420 dispertiendus.
1106 3337 1167 3397 Erl.
1195 3337 1333 3402 cuuto.
1350 3350 1379 3399 et
1389 3341 1440 3398 alii
1450 3338 1511 3399 duo
1525 3361 1560 3400 cx
1570 3339 1653 3402 Cort.
1680 3341 1818 3420 illumque

413 3448 472 3508 inc.
485 3467 512 3515 a,
524 3446 638 3508 'Franc
658 3445 740 3504 Leid.
753 3443 783 3502 b.
799 3466 838 3503 m.
859 3444 919 3502 Erl.
940 3443 1001 3503 Bas.
1011 3443 1039 3514 4.
1059 3452 1087 3502 et
1101 3439 1186 3506 illam
1212 3441 1293 3502 leid.
1308 3442 1337 3501 k.
1350 3463 1392 3502 m.
1412 3463 1515 3504 verum
1534 3445 1629 3506 obniti
1655 3447 1769 3508 vratisl.
1788 3449 1817 3510 5.

390 3543 394 3550 ’
413 3550 490 3611 Leid.
506 3549 537 3610 h.
558 3550 693 3610 cnimttm
705 3547 845 3607 adeona
865 3547 976 3607 Arond.
988 3551 1029 3623 fit
1041 3545 1136 3625 magis
1151 3565 1189 3606 cc
1198 3565 1281 3626 oequo
1294 3546 1427 3627 bonoque
1441 3569 1506 3609 rcus
1524 3549 1593 3633 Teg.
1613 3549 1711 3612 Turio.
1722 3549 1820 3631 priori

389 3657 392 3664 ’
414 3655 537 3736 plurimi
556 3654 651 3715 Cottii
671 3651 749 3712 libti'·
760 3649 901 3712 scribunt.
920 3651 1071 3734 populerit
1088 3650 1186 3712 Guell.
1207 3672 1234 3711 r.
1262 3651 1429 3731 popularet&
1448 3653 1561 3722 Fabric.
1583 3653 1670 3716 liirii.
1690 3663 1819 3714 arantum

413 3758 579 3840 supplsor.
599 3757 662 3818 Bas.
678 3778 703 3825 r.
721 3756 894 3839 pauclspost
908 3757 983 3822 dieb,
1001 3758 1092 3840 ponci
1108 3756 1187 3821 libri.
1206 3757 1308 3820 eodem
1324 3757 1406 3838 quod
1420 3759 1530 3838 priores
1537 3756 1621 3838 ssdst·
1641 3759 1820 3832 omiserunt,

415 3867 447 3925 in
464 3863 601 3926 omnibus
614 3864 671 3924 iere
684 3862 765 3930 libris
780 3863 894 3946 legitur.
913 3883 935 3922 a
950 3867 1053 3924 senam
1072 3863 1135 3923 Bas.
1150 3883 1176 3926 t.
1188 3860 1218 3942 4.
1238 3860 1325 3920 Bern.
1343 3882 1368 3921 ι.
1392 3861 1433 3920 ita
1450 3859 1523 3923 Hav.
1548 3859 1676 3920 Romam
1692 3880 1821 3940 egressus

418 3967 503 4029 Rem.
522 3966 608 4031 Fabr.
629 3989 670 4027 m.
684 3987 731 4050 pr.
751 3967 820 4027 Vin.
833 3987 860 4027 a.
883 3967 966 4029 tacit.
986 3988 1020 4028 ec
1038 3967 1141 4049 respic.
1160 3964 1247 4026 Fabr.
1267 3963 1337 4031 Tur.
1359 3973 1521 4044 respectans
1538 3961 1637 4023 Gucll.
1651 3964 1680 4025 3.

457 4093 532 4177 cap.
545 4094 594 4156 36.
610 4092 730 4174 alioque
743 4115 806 4174 quc
821 4097 882 4155 mil.
892 4095 962 4180 Τις.
976 4095 1039 4156 Bas.
1053 4119 1078 4161 ι.
1090 4096 1120 4167 4.
1140 4113 1242 4155 omncs
1253 4091 1336 4160 Lcid,
1357 4091 1473 4152 eamn.
1488 4093 1575 4170 sucre
1591 4091 1643 4171 qui
1654 4102 1727 4154 twn.
1754 4103 1819 4154 tum

418 4199 803 4265 orn.licm.a.Gucll.1c.
835 4211 905 4262 mne
924 4200 1027 4265 liant.
1048 4219 1123 4260 com.
1138 4197 1200 4258 dics
1216 4195 1414 4270 adventabant
1440 4194 1526 4256 Febr.
1555 4196 1640 4257 Rem.
1656 4220 1682 4261 r.
1709 4199 1821 4283 priores

1474 4321 1501 4379 e
