4560 5338
1650 421 1700 516 39

296 594 495 700 meliisque
506 597 740 689 concitatus,
758 595 863 701 quod
876 596 1007 672 fructu
1028 597 1168 673 laboris
1185 595 1459 702 industriaeque
1471 624 1563 674 meae
1577 600 1704 704 priva-

296 735 376 812 tus,
399 736 542 796 statum
557 721 757 826 dignitatis
779 749 859 796 non
877 721 1116 812 obtinebam,
1141 721 1338 823 publicam
1360 724 1584 798 miserorum
1598 749 1703 799 caus-

293 868 373 920 sam
396 871 469 948 pro
488 871 572 919 mea
599 845 875 921 consuetudine
899 843 1070 947 suscepi:
1105 870 1186 918 non
1217 845 1314 946 quin
1336 871 1384 920 oes
1417 846 1588 922 alienum
1611 846 1703 922 meis

293 951 516 1042 nominibus
537 995 583 1041 ex
600 967 891 1070 possessionibus
914 966 1056 1041 solvere
1083 992 1243 1068 possem3
1277 995 1400 1070 quum
1422 984 1461 1042 et
1479 969 1612 1047 alienis
1633 996 1703 1044 no-

293 1091 464 1166 minibus
489 1090 696 1165 liberalitas
719 1090 908 1165 Orestillae
931 1089 1008 1164 suis
1027 1087 1191 1191 filiaeque
1214 1091 1332 1194 copiis
1360 1091 1614 1194 persolveret:
1636 1092 1703 1178 ¹sed

292 1213 399 1317 quod
425 1240 505 1288 non
536 1213 670 1317 dignos
696 1211 872 1288 homines
902 1211 1050 1288 honoro
1077 1210 1295 1288 honestatos
1328 1214 1532 1305 videbam,
1564 1241 1702 1318 meque

294 1336 388 1412 falsa
410 1335 625 1441 suspicione
646 1335 859 1411 alienatum
877 1361 952 1411 esse
975 1336 1192 1410 sentiebam.
1232 1337 1315 1410 Hoc
1338 1337 1495 1411 nomine
1520 1338 1609 1412 satis
1630 1336 1701 1412 ho-
1743 1415 1746 1428 ,

293 1476 432 1550 nestas,
468 1485 539 1564 pro
558 1487 646 1535 meo
675 1486 786 1550 casu,
810 1485 892 1563 spes
916 1459 1074 1560 reliquae
1107 1457 1303 1562 dignitatis
1317 1459 1589 1555 {conservandae
1615 1486 1701 1534 sum

291 1599 481 1685 sequutus.
506 1583 621 1657 Plura
645 1609 769 1685 quum
793 1582 956 1657 scribere
977 1581 1133 1670 vellem,
1152 1581 1383 1656 nunciatum
1405 1599 1476 1672 est,
1500 1583 1578 1657 vim
1603 1581 1701 1658 mibi

292 1706 427 1809 parari.
461 1707 575 1780 Nunc
592 1706 812 1781 Orestillam
832 1702 1058 1780 commendo
1084 1720 1235 1805 tuaeque
1259 1703 1347 1778 fidei
1379 1705 1511 1800 trad03
1534 1732 1618 1778 eam
1651 1707 1701 1780 ab
1753 1775 1755 1780 .

294 1829 436 1903 iniuria
454 1827 651 1920 defendas,
676 1855 745 1931 per
768 1829 906 1902 liberos
930 1843 1014 1900 tuos
1036 1842 1207 1929 rogatus3
1230 1823 1375 1901 haveto
1390 1832 1406 1864 ”

393 1951 466 2026 Sed
500 1951 581 2055 ipse
615 1976 756 2054 paucos
796 1951 874 2026 dias
903 1965 1159 2024 commoratus
1191 1949 1296 2052 apud
1326 1951 1363 2024 C.
1390 1947 1627 2024 Flaminium
1656 1949 1698 2024 in
1712 1956 1752 2018 36

292 2101 380 2180 agro
405 2075 599 2164 Arretino,
622 2073 718 2149 dum
747 2074 1003 2165 vicinitatem,
1030 2087 1142 2146 antea
1167 2073 1429 2163 sollicitatam,
1452 2075 1567 2148 armis
1593 2099 1701 2148 exor-

262 2037 268 2070 l

293 2319 333 2356 ru.
353 2317 456 2358 mnes
473 2298 513 2362 ul.
533 2293 603 2363 Tur.
618 2318 645 2358 a.
673 2296 815 2356 nominib.
836 2295 922 2355 delet.
944 2297 1025 2356 Laid.
1040 2318 1072 2356 n.
1092 2301 1144 2358 sad
1156 2306 1184 2358 at
1203 2295 1315 2356 olienis.
1347 2296 1445 2360 Guelf.
1463 2318 1488 2355 ι.
1509 2295 1571 2354 Bas.
1585 2316 1610 2356 1.
1630 2295 1698 2355 San.

297 2423 324 2461 a.
339 2402 426 2461 Heus.
446 2401 515 2460 Nan.
538 2400 642 2464 alienis
654 2401 698 2461 iis.
719 2401 804 2460 Bern.
822 2421 847 2458 ι.
869 2422 909 2458 ιιι.
921 2421 968 2482 pr.
988 2410 1017 2458 et
1031 2402 1142 2464 alianis.
1165 2401 1244 2480 (cum
1255 2403 1332 2460 inter
1349 2401 1450 2479 lineas)
1472 2401 1569 2459 Guelf.
1581 2401 1609 2460 5.
1630 2401 1699 2460 vin.

290 2493 324 2564 ἰ.
344 2505 410 2564 Ecc.
432 2504 519 2564 Palat.
531 2508 559 2566 3.
580 2502 649 2563 Tur.
664 2527 689 2564 ι.
710 2525 776 2564 cum
790 2512 818 2562 ei
831 2504 870 2567 ul.
886 2502 955 2585 Teg.
976 2503 1039 2567 Bas.
1054 2525 1081 2563 a.
1100 2504 1188 2563 Palat.
1208 2505 1237 2574 4.
1253 2506 1282 2563 8.
1298 2526 1327 2584 9.
1350 2505 1435 2562 bern.
1450 2525 1475 2562 1.
1497 2505 1567 2563 Tur.
1585 2525 1609 2562 ι.
1631 2524 1700 2563 omn

291 2608 377 2668 alian
392 2608 533 2668 nornirub.
554 2608 668 2668 Fabric.
688 2629 713 2664 1.
731 2627 757 2665 a.
778 2604 876 2664 Guels.
891 2607 919 2665 6.
931 2629 959 2686 9.
980 2605 1057 2666 Edit.
1074 2607 1159 2666 Paris.
1181 2607 1262 2666 Laid.
1277 2607 1307 2665 b.
1329 2607 1416 2694 Palat.
1430 2631 1457 2688 7.
1479 2615 1507 2666 et
1522 2627 1590 2666 cnm
1609 2607 1705 2692 alian.

292 2711 389 2772 Guell.
406 2735 434 2793 7.
447 2713 476 2771 8.
504 2713 624 2770 Palatin.
643 2731 670 2769 a.
686 2731 730 2769 ιι.
746 2729 792 2768 ιι.
817 2711 868 2768 sed
883 2729 951 2769 aum
968 2709 1056 2770 alian.
1078 2709 1166 2769 Palat.
1185 2711 1213 2769 6.
1244 2729 1313 2768 cum
1324 2710 1413 2769 etmm
1428 2719 1456 2770 at
1470 2711 1582 2774 alienis.
1609 2715 1698 2772 Palat.

295 2818 321 2876 5.
338 2837 386 2876 ιο.
404 2817 567 2876 alienatum
579 2835 645 2880 essa.
675 2817 734 2874 Erl.
754 2815 816 2874 Bas.
837 2836 862 2872 ι.
879 2834 905 2872 2.
922 2818 950 2875 ὅ.
963 2816 991 2884 Δ.
1011 2813 1081 2878 Τιιι.
1096 2833 1122 2874 ι.
1137 2834 1165 2873 a.
1193 2834 1295 2873 omnes
1305 2814 1386 2874 Leid.
1409 2815 1540 2874 Palatini.
1570 2813 1655 2874 Bern.
1672 2835 1698 2874 ι.

293 2941 320 3000 ,2.
335 2925 361 2983 3.
394 2921 534 2998 iaulignas
553 2920 584 2984 b.
605 2919 702 2978 Guell.
723 2940 747 2976 ι.
766 2941 797 2999 7.
816 2940 861 2976 ιι.
883 2917 944 2981 Bas.
964 2939 989 2976 1.
1019 2918 1117 2980 Struv.
1135 2917 1195 2977 Erl.
1218 2917 1299 2983 laid,
1312 2939 1338 2983 e.
1359 2919 1409 2979 ssd
1423 2919 1485 2978 Bas.
1503 2940 1527 2984 1.
1548 2918 1632 2978 addit
1651 2919 1700 2979 vel

291 3044 352 3086 non
376 3025 492 3104 Qwos.
516 3024 628 3084 bonore
647 3023 791 3083 bonulus.
812 3033 868 3082 tres
881 3023 959 3083 Rivii
975 3021 1072 3082 Godd.
1093 3021 1164 3082 l'ur.
1184 3044 1211 3083 a.
1238 3021 1301 3082 vim
1313 3023 1392 3082 milu’
1403 3022 1518 3104 parari,
1546 3007 1586 3083 iai
1608 2999 1699 3084 altera

292 3141 322 3188 et
331 3132 437 3189 melior
449 3117 546 3188 Codd.
566 3149 641 3208 pars.
661 3127 740 3194 Edit,
754 3127 838 3186 Paris.
858 3127 927 3209 Teg.
940 3127 1010 3192 ,Bas
1031 3147 1056 3190 ι.
1069 3131 1097 3189 3.
1118 3125 1199 3186 Laid.
1211 3149 1237 3186 c.
1247 3148 1272 3186 e.
1284 3124 1348 3208 tg.
1361 3127 1389 3186 l.
1401 3129 1422 3184 l.
1444 3126 1565 3192 Palatin.
1585 3109 1654 3188 Tur.
1669 3149 1696 3190 ι.

207 3294 211 3300 ,
291 3234 464 3296 maran
479 3241 520 3292 aa
539 3209 615 3291 asar
630 3231 692 3290 vam
708 3255 738 3312 ρ.
760 3233 801 3291 aa
822 3232 908 3290 aaa
923 3230 1001 3289 ιιιιῑ.
1033 3229 1095 3293 aas.
1116 3250 1144 3288 ι.
1169 3230 1250 3288 nasa.
1273 3229 1342 3295 ..a
1357 3227 1430 3288 aa.
1445 3228 1522 3304 iam.
1537 3251 1569 3289 n.
1590 3230 1652 3291 aas
1667 3234 1697 3304 ι.

288 3339 374 3406 Bern.
387 3360 413 3403 ι.
430 3359 456 3398 a.
479 3337 649 3397 Orestillam
665 3337 848 3399 commendo.
872 3333 947 3412 (tibi
961 3333 1079 3411 omisso)
1100 3343 1194 3413 uterq.
1221 3334 1290 3398 Vin.
1303 3345 1331 3395 et
1344 3332 1430 3393 Febr.
1450 3331 1532 3394 Laid.
1545 3356 1572 3394 e.
1585 3335 1615 3394 d.
1626 3357 1651 3402 e.
1664 3335 1695 3398 h.

291 3444 311 3502 i.
324 3447 346 3502 l.
362 3464 402 3501 ιιι.
420 3463 452 3500 ιι.
472 3441 534 3500 Bas.
550 3462 575 3500 1.
587 3445 613 3502 3.
636 3439 706 3498 Tur.
721 3461 747 3497 ι.
766 3439 863 3497 Gueli.
883 3459 906 3502 ι.
925 3459 952 3502 2.
968 3441 994 3500 3.
1010 3437 1039 3508 4.
1057 3437 1084 3502 5.
1098 3439 1126 3502 6.
1142 3459 1171 3518 9.
1190 3458 1235 3502 ιι.
1252 3458 1298 3503 ra.
1319 3436 1370 3502 dc.
1392 3437 1461 3498 Eae:
1480 3440 1540 3500 ine.
1553 3459 1581 3500 2.
1605 3441 1692 3501 Heus.

292 3568 319 3612 1.
339 3545 416 3611 Edit.
432 3547 516 3610 Paris.
538 3545 590 3603 tibi
605 3529 711 3604 eornm.
733 3543 793 3607 Bas.
809 3563 835 3607 2.
856 3542 941 3606 Bern.
963 3531 987 3605 ι.
1004 3561 1031 3600 ι.
1059 3543 1188 3606 retinent
1201 3553 1230 3603 ct
1246 3543 1364 3604 Gruter.
1381 3552 1410 3602 et
1429 3544 1565 3609 Wassius.
1586 3564 1693 3606 comm.

290 3651 343 3711 tabi
371 3650 474 3720 Basd.
502 3667 630 3726 eamque,
659 3648 760 3710 Vinar.
778 3666 805 3710 a.
826 3645 910 3710 Bern.
924 3649 952 3710 5.
980 3653 1013 3703 ut
1027 3663 1102 3710 eum.
1124 3645 1223 3713 Guelf.
1237 3669 1267 3729 9.
1283 3669 1329 3713 ιο.
1353 3647 1414 3711 Bas.
1435 3669 1462 3712 a.
1479 3651 1507 3712 3.
1527 3648 1609 3712 leid.
1623 3647 1653 3713 b.
1670 3651 1693 3709 l.

289 3753 374 3820 Bam.
386 3775 413 3818 ι.
433 3763 466 3812 ut
479 3753 630 3830 defendas.
649 3751 712 3816 Bu.
731 3752 760 3822 4.
780 3750 862 3815 Leid.
877 3772 906 3833 g.
922 3771 952 3815 n.
969 3751 1083 3811 habeto.
1104 3750 1177 3817 Fab.
1191 3773 1216 3818 1.
1236 3753 1304 3817 Naz.
1323 3761 1352 3812 et
1365 3751 1427 3816 Bas.
1443 3771 1473 3816 r.
1491 3772 1532 3814 m.
1541 3771 1588 3831 pr.
1605 3753 1693 3812 etiarn

289 3859 486 3944 Bongaraiani.
506 3855 576 3942 Τις.
595 3856 665 3922 Tur.
681 3878 706 3921 ι.
725 3855 833 3918 valeto.
852 3854 911 3918 Erl.
932 3854 1035 3921 Basll.
1057 3876 1096 3914 m.
1111 3873 1167 3921 soc.

371 3982 445 4067 Cup.
461 3985 508 4050 36.
527 3983 694 4044 mmmam
707 4003 872 4067 cognomen
890 3985 968 4043 solus
986 3982 1087 4049 Narar.
1107 3983 1225 4084 adiecit.
1253 3982 1404 4050 Arretino.
1425 3984 1520 4044 Guelf.
1537 4006 1560 4044 ι.Ι
1580 3983 1648 4050 Tur.
1664 4009 1691 4053 1.

289 4090 372 4156 Aret.
390 4089 461 4159 vin
477 4108 503 4154 a.
524 4091 602 4169 plur.
617 4107 691 4171 quos
714 4087 824 4171 Popma
840 4089 973 4169 inspexit.
993 4088 1064 4154 Tur.
1084 4107 1112 4153 a.
1134 4086 1235 4153 Arent.
1256 4089 1353 4153 Guell.
1363 4113 1391 4170 7.
1413 4089 1569 4168 fleg-asino.
1593 4089 1691 4151 Gueli.

293 4217 339 4264 ιι.
373 4191 499 4254 Reatino
519 4192 616 4256 ceteri.
644 4194 717 4254 daun
734 4192 890 4278 civitaten.
923 4191 1020 4253 Guell.
1044 4215 1071 4273 7.
1092 4213 1139 4257 ιι.
1168 4193 1250 4256 Lcid.
1268 4214 1309 4257 m.
1335 4192 1368 4252 in
1384 4192 1691 4263 civitata'uacntutem.
