4560 5338
601 421 688 472 ΠΝ

598 593 719 680 atque
737 576 779 650 in
802 575 976 680 margine
999 573 1170 679 apposita
1181 605 1191 666 3
1217 572 1231 648 i
1249 571 1394 676 ubique
1402 570 1484 646 sine
1511 588 1658 676 puncto
1675 572 1875 676 scriptum3
1891 573 2014 650 multa

597 699 826 804 compendia
845 699 1056 803 scripturae,
1072 698 1137 799 sqd
1150 697 1261 773 nullu
1276 693 1560 800 orthographiae
1570 695 1704 771 veteris
1714 696 1867 802 vestigia
1883 696 2016 802 depre-

596 822 760 914 hendas;
774 824 849 925 secl
869 825 1044 927 reliquid,
1057 823 1259 924 sraemurtt,
1286 821 1500 920 deproecor,
1527 838 1768 920 corttemptut,
1802 821 2012 907 deortatur,

596 953 814 1051 nequiquam
851 946 990 1052 passim
1015 946 1204 1051 leguntur.
1243 946 1419 1020 Ceterum
1451 941 1549 1018 liber
1568 943 1660 1019 olim
1686 945 1878 1048 Bongarsii
1900 945 2013 1021 fuisse

597 1070 774 1162 videtur,
814 1072 924 1146 cuius
956 1071 1114 1145 nomine
1144 1085 1298 1144 notatus
1337 1085 1400 1142 est.
1452 1069 1671 1144 Bernensem
1698 1069 1775 1144 III.
1811 1069 1872 1166 (n.
1901 1069 2009 1168 698.)

600 1191 773 1270 Chartae.
799 1194 938 1270 saeculo
961 1195 1061 1270 xvt
1083 1193 1268 1296 scriptum
1293 1189 1370 1267 esse
1394 1189 1520 1267 censet
1538 1191 1738 1280 Sinnerus,
1762 1191 1826 1268 sed
1847 1191 2013 1268 immeri-

597 1333 654 1408 to,
673 1319 704 1394 si
724 1318 820 1422 quid
838 1317 954 1394 video.
989 1321 1058 1393 Est
1077 1317 1181 1394 enim
1203 1313 1268 1391 hio
1285 1314 1385 1390 liber
1405 1341 1452 1390 ex
1471 1314 1708 1403 melioribus,
1724 1330 1761 1388 et
1773 1315 1946 1417 quamvis
1964 1314 2011 1390 li-

587 1441 745 1520 .brarius
764 1442 900 1546 saepius
925 1443 968 1518 in
986 1437 1259 1547 orthographia
1279 1439 1468 1543 peccarit,
1494 1435 1623 1512 tamen
1644 1435 1753 1512 haud
1775 1435 1893 1513 dubie
1912 1437 2011 1542 opti-

595 1591 704 1643 mum
726 1565 921 1670 exemplar
947 1581 1099 1642 secutus
1118 1581 1180 1639 est
1218 1563 1298 1638 Sub
1321 1559 1439 1636 fineni
1460 1557 1657 1664 Iugurthae
1680 1560 1862 1666 leguntur
1885 1584 2010 1636 versus

594 1690 636 1764 in
661 1688 758 1793 regis
777 1702 958 1776 mortem,
984 1711 1080 1789 quos
1099 1699 1138 1761 et
1158 1683 1376 1760 Basileensis
1394 1684 1542 1789 primus
1563 1684 1750 1788 expressit
1801 1681 2011 1789 Orthogra·

591 1809 695 1916 phiae
714 1810 848 1886 veteris
870 1833 994 1914 pauca
1014 1808 1181 1913 vestigiis
1201 1808 1357 1892 cotidie,
1381 1833 1590 1894 accersere,
1616 1805 1847 1884 adulesoens:
1872 1807 2010 1892 ubido,

592 1932 794 2036 aliquoties
824 1933 1028 2036 leguntur,
1063 1931 1130 2008 sed
1164 1933 1404 2036 optimorum¹
1432 1931 1622 2008 librorum
1665 1930 1845 2006 lectiones
1873 1930 2009 2036 saepius

590 2055 814 2144 confirmat,
840 2072 955 2157 attpse
974 2053 1282 2161 intelligentibus
1306 2054 1413 2131 haud
1435 2053 1803 2152 infirmavidebitur
1825 2053 1941 2130 huius
1964 2055 2010 2129 li-

592 2179 655 2256 bri
672 2180 887 2255 auotoritas.
928 2178 1051 2256 Ceteri
1073 2179 1185 2270 libri,
1201 2203 1297 2282 quos
1312 2178 1546 2270 examinavi,
1570 2177 1729 2255 minoris
1748 2178 1906 2282 quidem
1925 2202 2010 2284 pre·

591 2303 637 2378 tii
665 2321 773 2394 sunt,
807 2329 932 2406 neque
958 2319 1087 2378 tamen
1116 2303 1396 2380 contemnendi.
1449 2301 1629 2400 Quorum
1656 2329 1702 2378 ex
1733 2328 1895 2379 numero
1919 2305 2011 2380 Ber·

592 2434 713 2503 nensis
731 2430 784 2505 II.
801 2428 841 2503 in
866 2426 1121 2518 membranis,
1139 2427 1262 2503 forma
1273 2425 1464 2530 quadrata
1489 2426 1548 2523 (n.
1566 2427 1667 2519 561.)
1682 2426 1873 2532 eleganter
1891 2429 2011 2534 scrip

592 2569 666 2642 tus,
684 2553 814 2627 ceteris
825 2551 1076 2628 Beruensihus
1090 2551 1203 2655 longe
1221 2549 1402 2647 inferior3
1422 2551 1546 2628 multe
1560 2551 1706 2642 omissa,
1724 2550 1847 2626 multa
1860 2575 2010 2655 perver-

589 2700 628 2751 se
650 2676 800 2780 seripta.
826 2677 884 2750 Ex
906 2693 969 2768 eo,
992 2677 1025 2753 si
1051 2675 1154 2754 nihil
1175 2676 1296 2767 aliud,
1310 2675 1386 2753 hoc
1408 2693 1509 2751 certe
1526 2673 1774 2780 intelligitur,
1792 2675 1949 2764 codices,
1966 2675 2008 2750 in

591 2800 731 2900 quibus
751 2799 875 2876 multa
896 2801 1030 2876 omissa
1055 2815 1165 2886 sunt,
1188 2826 1268 2874 non
1294 2797 1448 2901 optimae
1470 2813 1571 2872 notae
1589 2821 1672 2871 esse.
1697 2798 1838 2875 Addita
1852 2814 1907 2878 ost
1923 2825 2009 2874 ora-

591 2929 642 2997 tio
666 2923 816 2998 Salustii
836 2929 875 2996 in
905 2925 946 3000 T.
969 2923 1184 2998 Ciceronem
1212 2939 1251 2997 et
1274 2923 1462 2998 Ciceronis
1493 2921 1713 2999 declarrsatio
1737 2929 1776 2998 in
1803 2923 2007 3003 Saturius.

592 3049 639 3121 In
661 3043 738 3121 line
765 3042 846 3119 h'aec
867 3044 1072 3151 leguntur:
1103 3045 1255 3122 Salustii
1286 3045 1496 3122 Οαιίἰίηανίἰ
1520 3045 1613 3122 liber
1636 3049 1831 3147 explicitis
1841 3048 2009 3150 feliciaer

589 3189 719 3246 octavo
746 3167 908 3271 Augusti
931 3167 1221 3245 MCCCLVIII.
1235 3169 1326 3272 fuit
1375 3171 1570 3246 Berneruis
1592 3169 1670 3246 tlt
1706 3171 1779 3270 (M.
1802 3174 1835 3248 S.
1853 3177 1895 3250 h
1922 3175 2005 3273 70.)

589 3292 749 3397 singulis
768 3293 907 3371 libellis
928 3292 971 3368 hi
989 3289 1097 3368 tituli
1117 3293 1291 3398 inscripti
1310 3308 1420 3370 sunt:
1448 3293 1581 3376 bollum
1599 3297 1872 3384 Catilinarium,
1891 3301 1933 3374 B.
1944 3300 2008 3375 Iuss

588 3419 818 3518 gurtlu‘uum,
847 3419 885 3493 C.
911 3419 1031 3516 Crispi
1052 3418 1105 3491 ad
1120 3447 1157 3518 p.
1181 3443 1212 3496 c.
1235 3424 1272 3492 in
1296 3418 1508 3496 Ciceronem
1533 3427 1661 3520 incipit
1678 3428 1868 3500 invectiva:
1891 3422 1943 3499 M
1963 3425 2004 3505 Τ.

592 3541 781 3616 Ciceronis
803 3542 855 3615 ad
870 3569 907 3640 p.
927 3565 957 3614 c.
978 3543 1168 3626 uncum,
1191 3558 1226 3617 et
1245 3543 1298 3616 M.
1320 3543 1361 3616 T.
1386 3544 1482 3619 Cin
1502 3545 1698 3620 Οαιίἱίηωη
1717 3547 1771 3621 ed
1784 3577 1820 3648 p.
1838 3573 1868 3622 c.
1889 3554 2007 3628 invec-

589 3669 670 3741 tiva.
720 3666 836 3738 Hunc
857 3664 1041 3739 Sinnerus
1067 3689 1147 3744 saec
1175 3665 1257 3742 XV.
1278 3665 1323 3742 in
1350 3664 1514 3772 plagulis
1535 3669 1792 3746 Membraneis
1820 3687 1859 3747 et
1887 3669 2008 3748 Chat*-

589 3788 702 3865 tuoeis
723 3788 849 3866 mixtis
871 3788 1057 3892 seriptum
1080 3813 1156 3865 esse
1179 3789 1333 3886 statuit;
1366 3791 1432 3866 sed
1449 3790 1679 3870 chartaceus
1697 3810 1769 3886 est,
1795 3811 1911 3900 atque
1935 3797 2000 3878 de-

588 3912 715 3989 terior.
736 3907 930 3986 librarius
949 3912 988 3986 id
1007 3912 1172 3990 maxime
1191 3911 1303 4019 egisse
1321 3913 1492 4006 ridetur,
1516 3932 1577 4008 ut,
1601 3917 1671 3994 ubi
1683 3915 1897 3998 salustiana
1922 3946 2005 3997 ora·

588 4035 682 4112 tioa
704 4035 853 4140 vulgari
872 4033 1058 4140 loquendi
1074 4062 1149 4118 usu
1159 4036 1365 4142 discrepat,
1386 4027 1469 4113 haeo
1485 4030 1662 4119 mutaret
1687 4039 2008 4149 orthographiae,

586 4183 706 4263 qaam
734 4177 885 4241 secutus
907 4177 980 4253 est,
1012 4158 1095 4237 hoec
1123 4161 1297 4266 exempla
1324 4161 1479 4238 notari:
1500 4189 1713 4254 ,accersere
1741 4193 1889 4254 cocun,
1914 4195 2003 4244 con-

586 4302 746 4386 scripto,
771 4285 936 4370 Ιιαποηα,
961 4285 1198 4370 adulescens,
1216 4290 1390 4376 occeuu,
1413 4285 1636 4396 letificare,
1651 4298 1867 4378 coniceret,
1885 4297 2000 4376 ,onic-
