<?xml version="1.0" encoding="UTF-8"?>
<!DOCTYPE html PUBLIC "-//W3C//DTD XHTML 1.0 Transitional//EN"
    "http://www.w3.org/TR/xhtml1/DTD/xhtml1-transitional.dtd">
<html xmlns="http://www.w3.org/1999/xhtml" xml:lang="en" lang="en">
 <head>
  <title>
</title>
<meta http-equiv="Content-Type" content="text/html;charset=utf-8" />
  <meta name='ocr-system' content='tesseract 3.04.00' />
  <meta name='ocr-capabilities' content='ocr_page ocr_carea ocr_par ocr_line ocrx_word'/>
</head>
<body>
  <div class='ocr_page' id='page_1' title='image "./ccrispisalustii02sallgoog_0125.png"; bbox 0 0 4582 5320; ppageno 0'>
   <div class='ocr_carea' id='block_1_1' title="bbox 545 306 592 379">
    <p class='ocr_par' dir='ltr' id='par_1_1' title="bbox 545 306 592 379">
     <span class='ocr_line' id='line_1_1' title="bbox 545 306 592 379; baseline -0.106 0"><span class='ocrx_word' id='word_1_1' title='bbox 545 306 592 379; x_wconf 82' lang='lat'><strong>82</strong></span> 
     </span>
    </p>
   </div>
   <div class='ocr_carea' id='block_1_2' title="bbox 456 469 1959 953">
    <p class='ocr_par' dir='ltr' id='par_1_2' title="bbox 456 469 1959 953">
     <span class='ocr_line' id='line_1_2' title="bbox 550 469 1951 579; baseline -0.005 -24"><span class='ocrx_word' id='word_1_2' title='bbox 550 505 597 556; x_wconf 85' lang='lat' dir='ltr'><strong>ex</strong></span> <span class='ocrx_word' id='word_1_3' title='bbox 626 475 705 552; x_wconf 91' lang='lat' dir='ltr'><strong>otio</strong></span> <span class='ocrx_word' id='word_1_4' title='bbox 727 499 836 564; x_wconf 90' lang='lat' dir='ltr'><strong>meo,</strong></span> <span class='ocrx_word' id='word_1_5' title='bbox 872 499 991 577; x_wconf 83' lang='lat' dir='ltr'><strong>quam</strong></span> <span class='ocrx_word' id='word_1_6' title='bbox 1011 498 1058 548; x_wconf 84' lang='lat' dir='ltr'><strong>ex</strong></span> <span class='ocrx_word' id='word_1_7' title='bbox 1079 470 1246 547; x_wconf 89' lang='lat' dir='ltr'><strong>aliorum</strong></span> <span class='ocrx_word' id='word_1_8' title='bbox 1280 470 1439 579; x_wconf 84' lang='lat' dir='ltr'><strong>negotiis</strong></span> <span class='ocrx_word' id='word_1_9' title='bbox 1480 469 1701 578; x_wconf 88' lang='lat' dir='ltr'><strong>reipublicae</strong></span> <span class='ocrx_word' id='word_1_10' title='bbox 1735 486 1951 550; x_wconf 79' lang='lat' dir='ltr'><strong>venturum</strong></span> 
     </span>
     <span class='ocr_line' id='line_1_3' title="bbox 456 593 1955 705; baseline -0.003 -26"><span class='ocrx_word' id='word_1_11' title='bbox 456 593 461 604; x_wconf 77' lang='grc'><strong>’</strong></span> <span class='ocrx_word' id='word_1_12' title='bbox 548 603 647 680; x_wconf 87' lang='lat' dir='ltr'><strong>Nam</strong></span> <span class='ocrx_word' id='word_1_13' title='bbox 670 625 768 705; x_wconf 87' lang='lat' dir='ltr'><strong>saepe</strong></span> <span class='ocrx_word' id='word_1_14' title='bbox 781 625 848 704; x_wconf 89' lang='lat' dir='ltr'><strong>ego</strong></span> <span class='ocrx_word' id='word_1_15' title='bbox 869 596 1018 689; x_wconf 88' lang='lat' dir='ltr'><strong>audivi,</strong></span> <span class='ocrx_word' id='word_1_16' title='bbox 1044 595 1090 694; x_wconf 91' lang='lat' dir='ltr'><strong>Q.</strong></span> <span class='ocrx_word' id='word_1_17' title='bbox 1106 597 1353 687; x_wconf 77' lang='lat' dir='ltr'><strong>Maxumum,</strong></span> <span class='ocrx_word' id='word_1_18' title='bbox 1374 600 1411 672; x_wconf 93' lang='grc' dir='ltr'><strong>Ρ.</strong></span> <span class='ocrx_word' id='word_1_19' title='bbox 1439 597 1671 701; x_wconf 87' lang='lat' dir='ltr'><strong>Scipionem,</strong></span> <span class='ocrx_word' id='word_1_20' title='bbox 1697 613 1878 702; x_wconf 70' lang='lat' dir='ltr'><strong>preterea</strong></span> <span class='ocrx_word' id='word_1_21' title='bbox 1902 599 1955 676; x_wconf 87' lang='lat' dir='ltr'><strong>ci·</strong></span> 
     </span>
     <span class='ocr_line' id='line_1_4' title="bbox 546 718 1957 825; baseline 0 -25"><span class='ocrx_word' id='word_1_22' title='bbox 546 724 674 800; x_wconf 88' lang='lat' dir='ltr'><strong>vitatis</strong></span> <span class='ocrx_word' id='word_1_23' title='bbox 690 737 827 799; x_wconf 87' lang='lat' dir='ltr'><strong>nostrae</strong></span> <span class='ocrx_word' id='word_1_24' title='bbox 853 720 1054 825; x_wconf 80' lang='lat' dir='ltr'><strong>praeclaros</strong></span> <span class='ocrx_word' id='word_1_25' title='bbox 1079 719 1180 794; x_wconf 90' lang='lat' dir='ltr'><strong>viros</strong></span> <span class='ocrx_word' id='word_1_26' title='bbox 1206 718 1335 796; x_wconf 86' lang='lat' dir='ltr'><strong>solitos</strong></span> <span class='ocrx_word' id='word_1_27' title='bbox 1363 720 1417 796; x_wconf 86' lang='lat' dir='ltr'><strong>ita</strong></span> <span class='ocrx_word' id='word_1_28' title='bbox 1444 721 1589 811; x_wconf 86' lang='lat' dir='ltr'>dicere,</span> <span class='ocrx_word' id='word_1_29' title='bbox 1616 747 1740 823; x_wconf 90' lang='lat' dir='ltr'><strong>quum</strong></span> <span class='ocrx_word' id='word_1_30' title='bbox 1765 721 1957 800; x_wconf 84' lang='lat' dir='ltr'><strong>maiorum</strong></span> 
     </span>
     <span class='ocr_line' id='line_1_5' title="bbox 549 840 1959 953; baseline -0.003 -31"><span class='ocrx_word' id='word_1_31' title='bbox 549 847 729 953; x_wconf 81' lang='lat' dir='ltr'><strong>imagines</strong></span> <span class='ocrx_word' id='word_1_32' title='bbox 754 845 1019 934; x_wconf 83' lang='lat' dir='ltr'><strong>intuerentur,</strong></span> <span class='ocrx_word' id='word_1_33' title='bbox 1051 840 1391 919; x_wconf 80' lang='lat' dir='ltr'><strong>vehementissume</strong></span> <span class='ocrx_word' id='word_1_34' title='bbox 1411 844 1484 920; x_wconf 87' lang='lat' dir='ltr'><strong>eibi</strong></span> <span class='ocrx_word' id='word_1_35' title='bbox 1504 844 1680 922; x_wconf 88' lang='lat' dir='ltr'><strong>animum</strong></span> <span class='ocrx_word' id='word_1_36' title='bbox 1704 843 1755 920; x_wconf 89' lang='lat' dir='ltr'><strong>ad</strong></span> <span class='ocrx_word' id='word_1_37' title='bbox 1777 845 1959 930; x_wconf 80' lang='lat' dir='ltr'><strong>virtutem</strong></span> 
     </span>
    </p>
   </div>
   <div class='ocr_carea' id='block_1_3' title="bbox 549 965 2087 1073">
    <p class='ocr_par' dir='ltr' id='par_1_3' title="bbox 549 965 2087 1073">
     <span class='ocr_line' id='line_1_6' title="bbox 549 965 2087 1073; baseline 0 -27"><span class='ocrx_word' id='word_1_38' title='bbox 549 969 713 1046; x_wconf 84' lang='lat' dir='ltr'><strong>accendi.</strong></span> <span class='ocrx_word' id='word_1_39' title='bbox 749 968 900 1043; x_wconf 81' lang='lat' dir='ltr'><strong>Scilicet</strong></span> <span class='ocrx_word' id='word_1_40' title='bbox 924 995 1004 1042; x_wconf 91' lang='lat' dir='ltr'><strong>non</strong></span> <span class='ocrx_word' id='word_1_41' title='bbox 1029 993 1156 1042; x_wconf 85' lang='lat' dir='ltr'><strong>ceram</strong></span> <span class='ocrx_word' id='word_1_42' title='bbox 1176 965 1286 1042; x_wconf 88' lang='lat' dir='ltr'><strong>illam</strong></span> <span class='ocrx_word' id='word_1_43' title='bbox 1309 994 1434 1071; x_wconf 90' lang='lat' dir='ltr'><strong>neque</strong></span> <span class='ocrx_word' id='word_1_44' title='bbox 1462 967 1625 1073; x_wconf 88' lang='lat' dir='ltr'><strong>figuram</strong></span> <span class='ocrx_word' id='word_1_45' title='bbox 1647 985 1797 1044; x_wconf 87' lang='lat' dir='ltr'><strong>tantam</strong></span> <span class='ocrx_word' id='word_1_46' title='bbox 1812 969 1891 1044; x_wconf 88' lang='lat' dir='ltr'><strong>vim</strong></span> <span class='ocrx_word' id='word_1_47' title='bbox 1915 969 1959 1046; x_wconf 87' lang='lat' dir='ltr'><strong>in</strong></span> <span class='ocrx_word' id='word_1_48' title='bbox 2082 1053 2087 1062; x_wconf 56' lang='grc'><em>,</em></span> 
     </span>
    </p>
   </div>
   <div class='ocr_carea' id='block_1_4' title="bbox 490 1090 2002 2804">
    <p class='ocr_par' dir='ltr' id='par_1_4' title="bbox 490 1090 2002 2550">
     <span class='ocr_line' id='line_1_7' title="bbox 547 1090 1960 1198; baseline -0.001 -28"><span class='ocrx_word' id='word_1_49' title='bbox 547 1119 622 1170; x_wconf 76' lang='lat' dir='ltr'><strong>sese</strong></span> <span class='ocrx_word' id='word_1_50' title='bbox 640 1091 806 1186; x_wconf 73' lang='lat' dir='ltr'><strong>babere,</strong></span> <span class='ocrx_word' id='word_1_51' title='bbox 833 1092 899 1167; x_wconf 91' lang='lat' dir='ltr'><strong>sed</strong></span> <span class='ocrx_word' id='word_1_52' title='bbox 916 1090 1099 1167; x_wconf 90' lang='lat' dir='ltr'><strong>memoria</strong></span> <span class='ocrx_word' id='word_1_53' title='bbox 1117 1117 1247 1166; x_wconf 88' lang='lat' dir='ltr'><strong>rerum</strong></span> <span class='ocrx_word' id='word_1_54' title='bbox 1266 1107 1456 1196; x_wconf 86' lang='lat' dir='ltr'><strong>gestarum</strong></span> <span class='ocrx_word' id='word_1_55' title='bbox 1476 1119 1561 1168; x_wconf 89' lang='lat' dir='ltr'><strong>eam</strong></span> <span class='ocrx_word' id='word_1_56' title='bbox 1588 1091 1784 1166; x_wconf 86' lang='lat' dir='ltr'><strong>flammam</strong></span> <span class='ocrx_word' id='word_1_57' title='bbox 1805 1091 1960 1198; x_wconf 78' lang='lat' dir='ltr'><strong>egregiis</strong></span> 
     </span>
     <span class='ocr_line' id='line_1_8' title="bbox 551 1214 1960 1323; baseline 0 -31"><span class='ocrx_word' id='word_1_58' title='bbox 551 1219 640 1292; x_wconf 88' lang='lat' dir='ltr'><strong>viris</strong></span> <span class='ocrx_word' id='word_1_59' title='bbox 657 1217 699 1291; x_wconf 93' lang='lat' dir='ltr'><strong>in</strong></span> <span class='ocrx_word' id='word_1_60' title='bbox 723 1231 876 1323; x_wconf 79' lang='lat' dir='ltr'><strong>pectore</strong></span> <span class='ocrx_word' id='word_1_61' title='bbox 894 1240 1079 1304; x_wconf 89' lang='lat' dir='ltr'><strong>crescere,</strong></span> <span class='ocrx_word' id='word_1_62' title='bbox 1104 1241 1230 1318; x_wconf 91' lang='lat' dir='ltr'><strong>neque</strong></span> <span class='ocrx_word' id='word_1_63' title='bbox 1251 1214 1358 1319; x_wconf 88' lang='lat' dir='ltr'><strong>prius</strong></span> <span class='ocrx_word' id='word_1_64' title='bbox 1381 1215 1522 1305; x_wconf 90' lang='lat' dir='ltr'><strong>sedari,</strong></span> <span class='ocrx_word' id='word_1_65' title='bbox 1547 1242 1664 1319; x_wconf 87' lang='lat' dir='ltr'><strong>quam</strong></span> <span class='ocrx_word' id='word_1_66' title='bbox 1685 1215 1805 1292; x_wconf 88' lang='lat' dir='ltr'><strong>virtus</strong></span> <span class='ocrx_word' id='word_1_67' title='bbox 1824 1241 1960 1292; x_wconf 85' lang='lat' dir='ltr'><strong>corum</strong></span> 
     </span>
     <span class='ocr_line' id='line_1_9' title="bbox 553 1338 2002 1444; baseline -0.003 -28"><span class='ocrx_word' id='word_1_68' title='bbox 553 1341 695 1416; x_wconf 87' lang='lat' dir='ltr'><strong>famam</strong></span> <span class='ocrx_word' id='word_1_69' title='bbox 718 1356 833 1442; x_wconf 88' lang='lat' dir='ltr'><strong>atque</strong></span> <span class='ocrx_word' id='word_1_70' title='bbox 857 1339 1017 1444; x_wconf 83' lang='lat' dir='ltr'><strong>gloriam</strong></span> <span class='ocrx_word' id='word_1_71' title='bbox 1039 1339 1302 1441; x_wconf 75' lang='lat' dir='ltr'><strong>adaequaverit</strong></span> <span class='ocrx_word' id='word_1_72' title='bbox 1337 1343 1389 1414; x_wconf 86' lang='lat' dir='ltr'><strong>At</strong></span> <span class='ocrx_word' id='word_1_73' title='bbox 1415 1354 1570 1428; x_wconf 87' lang='lat' dir='ltr'><strong>contra,</strong></span> <span class='ocrx_word' id='word_1_74' title='bbox 1599 1339 1760 1440; x_wconf 79' lang='lat' dir='ltr'><strong>quiscat</strong></span> <span class='ocrx_word' id='word_1_75' title='bbox 1786 1338 1962 1414; x_wconf 88' lang='lat' dir='ltr'><strong>omnium</strong></span> <span class='ocrx_word' id='word_1_76' title='bbox 1992 1369 2002 1380; x_wconf 92' lang='lat'><strong>·</strong></span> 
     </span>
     <span class='ocr_line' id='line_1_10' title="bbox 553 1461 1964 1568; baseline -0.001 -30"><span class='ocrx_word' id='word_1_77' title='bbox 553 1463 613 1540; x_wconf 92' lang='lat' dir='ltr'><strong>his</strong></span> <span class='ocrx_word' id='word_1_78' title='bbox 635 1465 821 1554; x_wconf 89' lang='lat' dir='ltr'><strong>moribus,</strong></span> <span class='ocrx_word' id='word_1_79' title='bbox 848 1462 944 1564; x_wconf 89' lang='lat' dir='ltr'><strong>quin</strong></span> <span class='ocrx_word' id='word_1_80' title='bbox 968 1462 1108 1538; x_wconf 89' lang='lat' dir='ltr'><strong>divitiis</strong></span> <span class='ocrx_word' id='word_1_81' title='bbox 1125 1479 1163 1537; x_wconf 92' lang='lat' dir='ltr'><strong>et</strong></span> <span class='ocrx_word' id='word_1_82' title='bbox 1194 1463 1409 1568; x_wconf 83' lang='lat' dir='ltr'><strong>sumptibus</strong></span> <span class='ocrx_word' id='word_1_83' title='bbox 1439 1489 1520 1537; x_wconf 91' lang='lat' dir='ltr'><strong>non</strong></span> <span class='ocrx_word' id='word_1_84' title='bbox 1543 1462 1733 1566; x_wconf 76' lang='lat' dir='ltr'><strong>probitate</strong></span> <span class='ocrx_word' id='word_1_85' title='bbox 1755 1488 1880 1564; x_wconf 90' lang='lat' dir='ltr'><strong>neque</strong></span> <span class='ocrx_word' id='word_1_86' title='bbox 1903 1461 1964 1536; x_wconf 80' lang='lat' dir='ltr'><strong>in-</strong></span> 
     </span>
     <span class='ocr_line' id='line_1_11' title="bbox 554 1583 1963 1686; baseline -0.006 -22"><span class='ocrx_word' id='word_1_87' title='bbox 554 1589 699 1664; x_wconf 85' lang='lat' dir='ltr'><strong>dustria</strong></span> <span class='ocrx_word' id='word_1_88' title='bbox 715 1615 804 1663; x_wconf 91' lang='lat' dir='ltr'><strong>cum</strong></span> <span class='ocrx_word' id='word_1_89' title='bbox 829 1587 1037 1662; x_wconf 88' lang='lat' dir='ltr'><strong>maioribus</strong></span> <span class='ocrx_word' id='word_1_90' title='bbox 1066 1585 1144 1660; x_wconf 86' lang='lat' dir='ltr'><strong>suis</strong></span> <span class='ocrx_word' id='word_1_91' title='bbox 1165 1586 1398 1662; x_wconf 76' lang='lat' dir='ltr'><strong>contendat?</strong></span> <span class='ocrx_word' id='word_1_92' title='bbox 1422 1586 1538 1662; x_wconf 89' lang='lat' dir='ltr'><strong>etiam</strong></span> <span class='ocrx_word' id='word_1_93' title='bbox 1563 1583 1737 1660; x_wconf 90' lang='lat' dir='ltr'><strong>homines</strong></span> <span class='ocrx_word' id='word_1_94' title='bbox 1763 1585 1871 1674; x_wconf 91' lang='lat' dir='ltr'><strong>novi,</strong></span> <span class='ocrx_word' id='word_1_95' title='bbox 1894 1583 1963 1686; x_wconf 90' lang='lat' dir='ltr'><strong>qui</strong></span> 
     </span>
     <span class='ocr_line' id='line_1_12' title="bbox 556 1707 1965 1813; baseline -0.004 -27"><span class='ocrx_word' id='word_1_96' title='bbox 556 1728 668 1786; x_wconf 91' lang='lat' dir='ltr'><strong>antea</strong></span> <span class='ocrx_word' id='word_1_97' title='bbox 692 1737 760 1813; x_wconf 90' lang='lat' dir='ltr'><strong>per</strong></span> <span class='ocrx_word' id='word_1_98' title='bbox 777 1711 958 1784; x_wconf 88' lang='lat' dir='ltr'><strong>virtutem</strong></span> <span class='ocrx_word' id='word_1_99' title='bbox 987 1708 1089 1784; x_wconf 90' lang='lat' dir='ltr'><strong>soliti</strong></span> <span class='ocrx_word' id='word_1_100' title='bbox 1113 1724 1225 1783; x_wconf 90' lang='lat' dir='ltr'><strong>erant</strong></span> <span class='ocrx_word' id='word_1_101' title='bbox 1247 1709 1490 1786; x_wconf 83' lang='lat' dir='ltr'><strong>nobilitatem</strong></span> <span class='ocrx_word' id='word_1_102' title='bbox 1508 1709 1744 1798; x_wconf 78' lang='lat' dir='ltr'><strong>antevenire,</strong></span> <span class='ocrx_word' id='word_1_103' title='bbox 1769 1707 1905 1782; x_wconf 81' lang='lat' dir='ltr'><strong>firrtim</strong></span> <span class='ocrx_word' id='word_1_104' title='bbox 1927 1723 1965 1782; x_wconf 91' lang='lat' dir='ltr'><strong>et</strong></span> 
     </span>
     <span class='ocr_line' id='line_1_13' title="bbox 560 1830 1966 1938; baseline -0.002 -29"><span class='ocrx_word' id='word_1_105' title='bbox 560 1861 629 1938; x_wconf 91' lang='lat' dir='ltr'><strong>per</strong></span> <span class='ocrx_word' id='word_1_106' title='bbox 659 1834 860 1908; x_wconf 86' lang='lat' dir='ltr'><strong>latrocinia</strong></span> <span class='ocrx_word' id='word_1_107' title='bbox 886 1831 1014 1936; x_wconf 90' lang='lat' dir='ltr'><strong>potius</strong></span> <span class='ocrx_word' id='word_1_108' title='bbox 1039 1859 1157 1934; x_wconf 91' lang='lat' dir='ltr'><strong>quam</strong></span> <span class='ocrx_word' id='word_1_109' title='bbox 1181 1831 1292 1907; x_wconf 85' lang='lat' dir='ltr'><strong>bonis</strong></span> <span class='ocrx_word' id='word_1_110' title='bbox 1315 1832 1461 1908; x_wconf 86' lang='lat' dir='ltr'><strong>artibus</strong></span> <span class='ocrx_word' id='word_1_111' title='bbox 1485 1833 1535 1908; x_wconf 89' lang='lat' dir='ltr'><strong>ad</strong></span> <span class='ocrx_word' id='word_1_112' title='bbox 1560 1833 1721 1936; x_wconf 85' lang='lat' dir='ltr'><strong>imperia</strong></span> <span class='ocrx_word' id='word_1_113' title='bbox 1744 1848 1782 1906; x_wconf 92' lang='lat' dir='ltr'><strong>et</strong></span> <span class='ocrx_word' id='word_1_114' title='bbox 1802 1830 1966 1906; x_wconf 84' lang='lat' dir='ltr'><strong>honores</strong></span> 
     </span>
     <span class='ocr_line' id='line_1_14' title="bbox 559 1953 1965 2058; baseline 0 -28"><span class='ocrx_word' id='word_1_115' title='bbox 559 1957 762 2047; x_wconf 74' lang='lat' dir='ltr'><strong>nituntur,</strong></span> <span class='ocrx_word' id='word_1_116' title='bbox 787 1954 950 2058; x_wconf 90' lang='lat' dir='ltr'><strong>proinde</strong></span> <span class='ocrx_word' id='word_1_117' title='bbox 972 1953 1081 2056; x_wconf 90' lang='lat' dir='ltr'><strong>quasi</strong></span> <span class='ocrx_word' id='word_1_118' title='bbox 1111 1971 1278 2058; x_wconf 73' lang='lat' dir='ltr'><strong>praetura</strong></span> <span class='ocrx_word' id='word_1_119' title='bbox 1302 1971 1341 2031; x_wconf 91' lang='lat' dir='ltr'><strong>et</strong></span> <span class='ocrx_word' id='word_1_120' title='bbox 1362 1956 1581 2031; x_wconf 89' lang='lat' dir='ltr'><strong>consulatus</strong></span> <span class='ocrx_word' id='word_1_121' title='bbox 1605 1971 1722 2058; x_wconf 87' lang='lat' dir='ltr'><strong>atque</strong></span> <span class='ocrx_word' id='word_1_122' title='bbox 1743 1955 1818 2031; x_wconf 90' lang='lat' dir='ltr'><strong>alia</strong></span> <span class='ocrx_word' id='word_1_123' title='bbox 1836 1954 1965 2030; x_wconf 86' lang='lat' dir='ltr'><strong>omnia</strong></span> 
     </span>
     <span class='ocr_line' id='line_1_15' title="bbox 558 2076 1983 2186; baseline 0.001 -34"><span class='ocrx_word' id='word_1_124' title='bbox 558 2076 822 2153; x_wconf 87' lang='lat' dir='ltr'><strong>huiuscemodi</strong></span> <span class='ocrx_word' id='word_1_125' title='bbox 840 2101 913 2180; x_wconf 64' lang='lat' dir='ltr'><strong>,per</strong></span> <span class='ocrx_word' id='word_1_126' title='bbox 939 2101 978 2152; x_wconf 83' lang='lat' dir='ltr'><strong>se</strong></span> <span class='ocrx_word' id='word_1_127' title='bbox 995 2076 1075 2181; x_wconf 86' lang='lat' dir='ltr'><strong>ipsa</strong></span> <span class='ocrx_word' id='word_1_128' title='bbox 1099 2076 1203 2152; x_wconf 86' lang='lat' dir='ltr'><strong>clara</strong></span> <span class='ocrx_word' id='word_1_129' title='bbox 1220 2094 1258 2154; x_wconf 91' lang='lat' dir='ltr'><strong>et</strong></span> <span class='ocrx_word' id='word_1_130' title='bbox 1277 2079 1478 2183; x_wconf 86' lang='lat' dir='ltr'><strong>magnilica</strong></span> <span class='ocrx_word' id='word_1_131' title='bbox 1498 2080 1593 2174; x_wconf 74' lang='lat' dir='ltr'><strong>sint,</strong></span> <span class='ocrx_word' id='word_1_132' title='bbox 1617 2106 1662 2154; x_wconf 89' lang='lat' dir='ltr'><strong>ac</strong></span> <span class='ocrx_word' id='word_1_133' title='bbox 1695 2106 1776 2154; x_wconf 92' lang='lat' dir='ltr'><strong>non</strong></span> <span class='ocrx_word' id='word_1_134' title='bbox 1806 2077 1983 2186; x_wconf 87' lang='lat' dir='ltr'><strong>perinde</strong></span> 
     </span>
     <span class='ocr_line' id='line_1_16' title="bbox 559 2199 1968 2310; baseline 0 -34"><span class='ocrx_word' id='word_1_135' title='bbox 559 2199 797 2290; x_wconf 83' lang='lat' dir='ltr'><strong>habeantur,</strong></span> <span class='ocrx_word' id='word_1_136' title='bbox 822 2215 1033 2290; x_wconf 90' lang='lat' dir='ltr'><strong>uteorum,</strong></span> <span class='ocrx_word' id='word_1_137' title='bbox 1054 2201 1180 2304; x_wconf 89' lang='lat' dir='ltr'><strong>quiea</strong></span> <span class='ocrx_word' id='word_1_138' title='bbox 1199 2203 1407 2292; x_wconf 76' lang='lat' dir='ltr'><strong>emtinent,</strong></span> <span class='ocrx_word' id='word_1_139' title='bbox 1430 2203 1549 2278; x_wconf 90' lang='lat' dir='ltr'><strong>virtus</strong></span> <span class='ocrx_word' id='word_1_140' title='bbox 1566 2219 1629 2279; x_wconf 86' lang='lat' dir='ltr'><strong>est</strong></span> <span class='ocrx_word' id='word_1_141' title='bbox 1668 2205 1814 2278; x_wconf 90' lang='lat' dir='ltr'><strong>Verum</strong></span> <span class='ocrx_word' id='word_1_142' title='bbox 1835 2229 1902 2310; x_wconf 91' lang='lat' dir='ltr'><strong>ego</strong></span> <span class='ocrx_word' id='word_1_143' title='bbox 1922 2201 1968 2276; x_wconf 90' lang='lat' dir='ltr'><strong>li·</strong></span> 
     </span>
     <span class='ocr_line' id='line_1_17' title="bbox 564 2323 1969 2431; baseline -0.001 -29"><span class='ocrx_word' id='word_1_144' title='bbox 564 2325 693 2402; x_wconf 87' lang='lat' dir='ltr'><strong>berius</strong></span> <span class='ocrx_word' id='word_1_145' title='bbox 706 2323 896 2426; x_wconf 80' lang='lat' dir='ltr'><strong>altiusque</strong></span> <span class='ocrx_word' id='word_1_146' title='bbox 909 2323 1087 2426; x_wconf 88' lang='lat' dir='ltr'><strong>processi,</strong></span> <span class='ocrx_word' id='word_1_147' title='bbox 1112 2323 1207 2401; x_wconf 90' lang='lat' dir='ltr'><strong>dum</strong></span> <span class='ocrx_word' id='word_1_148' title='bbox 1228 2351 1289 2402; x_wconf 93' lang='lat' dir='ltr'><strong>me</strong></span> <span class='ocrx_word' id='word_1_149' title='bbox 1302 2325 1463 2402; x_wconf 87' lang='lat' dir='ltr'><strong>civitatis</strong></span> <span class='ocrx_word' id='word_1_150' title='bbox 1478 2354 1630 2402; x_wconf 88' lang='lat' dir='ltr'><strong>morum</strong></span> <span class='ocrx_word' id='word_1_151' title='bbox 1645 2324 1749 2431; x_wconf 90' lang='lat' dir='ltr'><strong>piget</strong></span> <span class='ocrx_word' id='word_1_152' title='bbox 1764 2324 1969 2428; x_wconf 83' lang='lat' dir='ltr'><strong>taedetque3</strong></span> 
     </span>
     <span class='ocr_line' id='line_1_18' title="bbox 490 2445 1100 2550; baseline -0.01 -24"><span class='ocrx_word' id='word_1_153' title='bbox 490 2461 492 2466; x_wconf 86' lang='lat'>&#39;</span> <span class='ocrx_word' id='word_1_154' title='bbox 567 2475 675 2526; x_wconf 87' lang='lat' dir='ltr'><strong>nunc</strong></span> <span class='ocrx_word' id='word_1_155' title='bbox 694 2447 746 2522; x_wconf 86' lang='lat' dir='ltr'><strong>ed</strong></span> <span class='ocrx_word' id='word_1_156' title='bbox 764 2447 961 2550; x_wconf 88' lang='lat' dir='ltr'><strong>inceptum</strong></span> <span class='ocrx_word' id='word_1_157' title='bbox 978 2445 1100 2522; x_wconf 85' lang='lat' dir='ltr'><strong>redeo.</strong></span> 
     </span>
    </p>

    <p class='ocr_par' dir='ltr' id='par_1_5' title="bbox 545 2569 1971 2804">
     <span class='ocr_line' id='line_1_19' title="bbox 545 2569 1971 2678; baseline 0.003 -32"><span class='ocrx_word' id='word_1_158' title='bbox 545 2599 560 2657; x_wconf 85' lang='lat'>5</span> <span class='ocrx_word' id='word_1_159' title='bbox 673 2571 822 2647; x_wconf 80' lang='lat' dir='ltr'><strong>bellum</strong></span> <span class='ocrx_word' id='word_1_160' title='bbox 843 2569 1055 2674; x_wconf 83' lang='lat' dir='ltr'><strong>scripturus</strong></span> <span class='ocrx_word' id='word_1_161' title='bbox 1072 2594 1177 2661; x_wconf 89' lang='lat' dir='ltr'><strong>sum,</strong></span> <span class='ocrx_word' id='word_1_162' title='bbox 1202 2571 1307 2675; x_wconf 90' lang='lat' dir='ltr'><strong>quod</strong></span> <span class='ocrx_word' id='word_1_163' title='bbox 1327 2569 1494 2678; x_wconf 88' lang='lat' dir='ltr'><strong>populus</strong></span> <span class='ocrx_word' id='word_1_164' title='bbox 1513 2573 1706 2646; x_wconf 86' lang='lat' dir='ltr'><strong>Romanus</strong></span> <span class='ocrx_word' id='word_1_165' title='bbox 1730 2597 1821 2647; x_wconf 91' lang='lat' dir='ltr'><strong>cum</strong></span> <span class='ocrx_word' id='word_1_166' title='bbox 1837 2573 1971 2676; x_wconf 54' lang='lat' dir='ltr'><strong>Iugvne</strong></span> 
     </span>
     <span class='ocr_line' id='line_1_20' title="bbox 567 2694 1970 2804; baseline -0.002 -33"><span class='ocrx_word' id='word_1_167' title='bbox 567 2695 657 2788; x_wconf 90' lang='lat' dir='ltr'><strong>tha,</strong></span> <span class='ocrx_word' id='word_1_168' title='bbox 683 2721 768 2804; x_wconf 87' lang='lat' dir='ltr'><strong>rege</strong></span> <span class='ocrx_word' id='word_1_169' title='bbox 795 2694 1071 2785; x_wconf 90' lang='lat' dir='ltr'><strong>Numidarum,</strong></span> <span class='ocrx_word' id='word_1_170' title='bbox 1104 2695 1229 2800; x_wconf 85' lang='lat' dir='ltr'><strong>gessit:</strong></span> <span class='ocrx_word' id='word_1_171' title='bbox 1264 2697 1436 2800; x_wconf 89' lang='lat' dir='ltr'><strong>primum</strong></span> <span class='ocrx_word' id='word_1_172' title='bbox 1464 2695 1556 2799; x_wconf 90' lang='lat' dir='ltr'><strong>quia</strong></span> <span class='ocrx_word' id='word_1_173' title='bbox 1584 2711 1833 2799; x_wconf 79' lang='lat' dir='ltr'><strong>magnumst</strong></span> <span class='ocrx_word' id='word_1_174' title='bbox 1861 2711 1970 2770; x_wconf 85' lang='lat' dir='ltr'><strong>atrox</strong></span> 
     </span>
    </p>
   </div>
   <div class='ocr_carea' id='block_1_5' title="bbox 567 2871 1978 4002">
    <p class='ocr_par' dir='ltr' id='par_1_6' title="bbox 567 2871 1978 4002">
     <span class='ocr_line' id='line_1_21' title="bbox 570 2871 1971 2960; baseline -0.003 -19"><span class='ocrx_word' id='word_1_175' title='bbox 570 2901 617 2941; x_wconf 86' lang='grc' dir='ltr'><strong>ιι.</strong></span> <span class='ocrx_word' id='word_1_176' title='bbox 638 2899 726 2960; x_wconf 88' lang='lat' dir='ltr'><strong>pron.</strong></span> <span class='ocrx_word' id='word_1_177' title='bbox 747 2898 810 2938; x_wconf 81' lang='lat' dir='ltr'><strong>om.</strong></span> <span class='ocrx_word' id='word_1_178' title='bbox 835 2875 916 2936; x_wconf 81' lang='lat' dir='ltr'><strong>Ecc..</strong></span> <span class='ocrx_word' id='word_1_179' title='bbox 934 2893 1008 2955; x_wconf 71' lang='lat' dir='ltr'><strong>sape</strong></span> <span class='ocrx_word' id='word_1_180' title='bbox 1021 2893 1074 2954; x_wconf 81' lang='lat' dir='ltr'><strong>ege</strong></span> <span class='ocrx_word' id='word_1_181' title='bbox 1090 2873 1162 2933; x_wconf 83' lang='lat' dir='ltr'><strong>aud.</strong></span> <span class='ocrx_word' id='word_1_182' title='bbox 1190 2892 1244 2952; x_wconf 81' lang='lat' dir='ltr'><strong>ego</strong></span> <span class='ocrx_word' id='word_1_183' title='bbox 1266 2892 1328 2933; x_wconf 90' lang='lat' dir='ltr'><strong>om.</strong></span> <span class='ocrx_word' id='word_1_184' title='bbox 1349 2872 1431 2934; x_wconf 84' lang='lat' dir='ltr'><strong>Leid.</strong></span> <span class='ocrx_word' id='word_1_185' title='bbox 1442 2895 1468 2938; x_wconf 85' lang='lat' dir='ltr'><strong>a.</strong></span> <span class='ocrx_word' id='word_1_186' title='bbox 1479 2871 1510 2933; x_wconf 91' lang='lat' dir='ltr'><strong>b.</strong></span> <span class='ocrx_word' id='word_1_187' title='bbox 1522 2895 1548 2940; x_wconf 85' lang='lat' dir='ltr'><strong>c.</strong></span> <span class='ocrx_word' id='word_1_188' title='bbox 1563 2873 1594 2933; x_wconf 86' lang='lat' dir='ltr'><strong>d.</strong></span> <span class='ocrx_word' id='word_1_189' title='bbox 1603 2895 1629 2934; x_wconf 88' lang='lat' dir='ltr'><strong>e.</strong></span> <span class='ocrx_word' id='word_1_190' title='bbox 1640 2876 1660 2934; x_wconf 83' lang='lat' dir='ltr'><strong>l.</strong></span> <span class='ocrx_word' id='word_1_191' title='bbox 1674 2897 1702 2958; x_wconf 91' lang='lat' dir='ltr'><strong>g.</strong></span> <span class='ocrx_word' id='word_1_192' title='bbox 1712 2877 1732 2940; x_wconf 89' lang='lat' dir='ltr'><strong>i.</strong></span> <span class='ocrx_word' id='word_1_193' title='bbox 1747 2876 1775 2941; x_wconf 81' lang='lat' dir='ltr'><strong>l.</strong></span> <span class='ocrx_word' id='word_1_194' title='bbox 1796 2877 1838 2936; x_wconf 85' lang='lat' dir='ltr'><strong>ed</strong></span> <span class='ocrx_word' id='word_1_195' title='bbox 1851 2875 1971 2937; x_wconf 72' lang='lat' dir='ltr'><strong>virtutes</strong></span> 
     </span>
     <span class='ocr_line' id='line_1_22' title="bbox 567 2975 1974 3062; baseline -0.002 -17"><span class='ocrx_word' id='word_1_196' title='bbox 567 2986 633 3050; x_wconf 75' lang='lat' dir='ltr'><strong>Mc.</strong></span> <span class='ocrx_word' id='word_1_197' title='bbox 646 2981 784 3042; x_wconf 82' lang='lat' dir='ltr'><strong>Putschii.</strong></span> <span class='ocrx_word' id='word_1_198' title='bbox 806 2979 839 3039; x_wconf 86' lang='lat' dir='ltr'><strong>in</strong></span> <span class='ocrx_word' id='word_1_199' title='bbox 853 2997 911 3040; x_wconf 84' lang='lat' dir='ltr'><strong>sese</strong></span> <span class='ocrx_word' id='word_1_200' title='bbox 930 2999 992 3038; x_wconf 91' lang='lat' dir='ltr'><strong>om.</strong></span> <span class='ocrx_word' id='word_1_201' title='bbox 1006 2977 1121 3038; x_wconf 79' lang='lat' dir='ltr'><strong>beidi.</strong></span> <span class='ocrx_word' id='word_1_202' title='bbox 1142 2977 1210 3036; x_wconf 76' lang='lat' dir='ltr'><strong>tat.</strong></span> <span class='ocrx_word' id='word_1_203' title='bbox 1221 2975 1358 3037; x_wconf 77' lang='lat' dir='ltr'><strong>dicebant</strong></span> <span class='ocrx_word' id='word_1_204' title='bbox 1377 2977 1459 3043; x_wconf 89' lang='lat' dir='ltr'><strong>Leid.</strong></span> <span class='ocrx_word' id='word_1_205' title='bbox 1473 2981 1494 3038; x_wconf 81' lang='lat' dir='ltr'><strong>f.</strong></span> <span class='ocrx_word' id='word_1_206' title='bbox 1505 3001 1533 3062; x_wconf 86' lang='lat' dir='ltr'><strong>g.</strong></span> <span class='ocrx_word' id='word_1_207' title='bbox 1552 2979 1682 3059; x_wconf 80' lang='lat' dir='ltr'><strong>gloriam</strong></span> <span class='ocrx_word' id='word_1_208' title='bbox 1693 2981 1840 3042; x_wconf 85' lang='lat' dir='ltr'><strong>maiorum</strong></span> <span class='ocrx_word' id='word_1_209' title='bbox 1860 2982 1934 3041; x_wconf 86' lang='lat' dir='ltr'><strong>Rem</strong></span> <span class='ocrx_word' id='word_1_210' title='bbox 1948 3002 1974 3042; x_wconf 76' lang='grc' dir='ltr'><strong>ι.</strong></span> 
     </span>
     <span class='ocr_line' id='line_1_23' title="bbox 568 3079 1974 3166; baseline -0.002 -17"><span class='ocrx_word' id='word_1_211' title='bbox 568 3089 648 3149; x_wconf 87' lang='lat' dir='ltr'><strong>Vrat.</strong></span> <span class='ocrx_word' id='word_1_212' title='bbox 661 3087 691 3148; x_wconf 84' lang='lat'><strong>3.</strong></span> <span class='ocrx_word' id='word_1_213' title='bbox 713 3085 811 3145; x_wconf 80' lang='lat' dir='ltr'><strong>Guell.</strong></span> <span class='ocrx_word' id='word_1_214' title='bbox 822 3086 850 3149; x_wconf 78' lang='lat'><strong>3.</strong></span> <span class='ocrx_word' id='word_1_215' title='bbox 866 3103 912 3144; x_wconf 85' lang='grc' dir='ltr'><strong>ιο.</strong></span> <span class='ocrx_word' id='word_1_216' title='bbox 927 3104 973 3143; x_wconf 90' lang='grc' dir='ltr'><strong>ιι.</strong></span> <span class='ocrx_word' id='word_1_217' title='bbox 993 3081 1074 3143; x_wconf 86' lang='lat' dir='ltr'><strong>Leid.</strong></span> <span class='ocrx_word' id='word_1_218' title='bbox 1087 3079 1118 3147; x_wconf 90' lang='lat' dir='ltr'><strong>h.</strong></span> <span class='ocrx_word' id='word_1_219' title='bbox 1141 3081 1204 3161; x_wconf 76' lang='lat' dir='ltr'><strong>quis</strong></span> <span class='ocrx_word' id='word_1_220' title='bbox 1216 3081 1350 3142; x_wconf 71' lang='lat' dir='ltr'><strong>omnim</strong></span> <span class='ocrx_word' id='word_1_221' title='bbox 1368 3083 1464 3149; x_wconf 84' lang='lat' dir='ltr'><strong>Struv.</strong></span> <span class='ocrx_word' id='word_1_222' title='bbox 1486 3083 1584 3149; x_wconf 85' lang='lat' dir='ltr'><strong>Guell.</strong></span> <span class='ocrx_word' id='word_1_223' title='bbox 1597 3083 1625 3144; x_wconf 88' lang='grc'><strong>6.</strong></span> <span class='ocrx_word' id='word_1_224' title='bbox 1635 3107 1665 3166; x_wconf 84' lang='grc'><strong>9.</strong></span> <span class='ocrx_word' id='word_1_225' title='bbox 1685 3085 1766 3146; x_wconf 87' lang='lat' dir='ltr'><strong>Leid.</strong></span> <span class='ocrx_word' id='word_1_226' title='bbox 1778 3085 1810 3144; x_wconf 91' lang='lat' dir='ltr'><strong>b.</strong></span> <span class='ocrx_word' id='word_1_227' title='bbox 1831 3086 1903 3166; x_wconf 81' lang='lat' dir='ltr'><strong>quin</strong></span> <span class='ocrx_word' id='word_1_228' title='bbox 1923 3085 1974 3146; x_wconf 86' lang='lat' dir='ltr'><strong>di-</strong></span> 
     </span>
     <span class='ocr_line' id='line_1_24' title="bbox 569 3185 1975 3269; baseline -0.006 -13"><span class='ocrx_word' id='word_1_229' title='bbox 569 3193 619 3256; x_wconf 74' lang='lat' dir='ltr'><strong>vit.</strong></span> <span class='ocrx_word' id='word_1_230' title='bbox 638 3193 708 3254; x_wconf 87' lang='lat' dir='ltr'><strong>Seu.</strong></span> <span class='ocrx_word' id='word_1_231' title='bbox 722 3211 747 3252; x_wconf 86' lang='lat'><strong>1.</strong></span> <span class='ocrx_word' id='word_1_232' title='bbox 768 3189 830 3250; x_wconf 80' lang='grc' dir='ltr'><strong>Βιι.</strong></span> <span class='ocrx_word' id='word_1_233' title='bbox 845 3211 870 3256; x_wconf 87' lang='grc' dir='ltr'><strong>ι,</strong></span> <span class='ocrx_word' id='word_1_234' title='bbox 890 3187 1004 3250; x_wconf 86' lang='lat' dir='ltr'><strong>Fabric.</strong></span> <span class='ocrx_word' id='word_1_235' title='bbox 1021 3185 1137 3247; x_wconf 83' lang='lat' dir='ltr'><strong>Vratisl.</strong></span> <span class='ocrx_word' id='word_1_236' title='bbox 1157 3185 1253 3248; x_wconf 80' lang='lat' dir='ltr'><strong>Struv.</strong></span> <span class='ocrx_word' id='word_1_237' title='bbox 1280 3188 1394 3269; x_wconf 77' lang='lat' dir='ltr'><strong>aliquot</strong></span> <span class='ocrx_word' id='word_1_238' title='bbox 1409 3186 1506 3248; x_wconf 82' lang='lat' dir='ltr'><strong>Guell.</strong></span> <span class='ocrx_word' id='word_1_239' title='bbox 1532 3187 1613 3248; x_wconf 86' lang='lat' dir='ltr'><strong>Leid.</strong></span> <span class='ocrx_word' id='word_1_240' title='bbox 1627 3210 1655 3255; x_wconf 82' lang='lat' dir='ltr'><strong>a.</strong></span> <span class='ocrx_word' id='word_1_241' title='bbox 1666 3192 1687 3248; x_wconf 81' lang='lat' dir='ltr'><strong>f.</strong></span> <span class='ocrx_word' id='word_1_242' title='bbox 1702 3193 1723 3249; x_wconf 94' lang='lat' dir='ltr'><strong>l.</strong></span> <span class='ocrx_word' id='word_1_243' title='bbox 1745 3191 1878 3250; x_wconf 79' lang='lat' dir='ltr'><strong>melioret</strong></span> <span class='ocrx_word' id='word_1_244' title='bbox 1897 3189 1975 3250; x_wconf 80' lang='lat' dir='ltr'><strong>Rivii</strong></span> 
     </span>
     <span class='ocr_line' id='line_1_25' title="bbox 571 3291 1975 3374; baseline 0.002 -18"><span class='ocrx_word' id='word_1_245' title='bbox 571 3306 599 3356; x_wconf 83' lang='lat' dir='ltr'><strong>et</strong></span> <span class='ocrx_word' id='word_1_246' title='bbox 618 3296 735 3356; x_wconf 84' lang='lat' dir='ltr'><strong>Grutcri</strong></span> <span class='ocrx_word' id='word_1_247' title='bbox 749 3292 827 3355; x_wconf 77' lang='lat' dir='ltr'><strong>libri.</strong></span> <span class='ocrx_word' id='word_1_248' title='bbox 849 3292 901 3374; x_wconf 76' lang='lat' dir='ltr'><strong>qui</strong></span> <span class='ocrx_word' id='word_1_249' title='bbox 914 3311 975 3354; x_wconf 86' lang='lat' dir='ltr'><strong>non</strong></span> <span class='ocrx_word' id='word_1_250' title='bbox 995 3291 1091 3356; x_wconf 81' lang='lat' dir='ltr'><strong>ceteri.</strong></span> <span class='ocrx_word' id='word_1_251' title='bbox 1112 3299 1202 3350; x_wconf 82' lang='lat' dir='ltr'><strong>antea</strong></span> <span class='ocrx_word' id='word_1_252' title='bbox 1221 3311 1282 3351; x_wconf 89' lang='lat' dir='ltr'><strong>om.</strong></span> <span class='ocrx_word' id='word_1_253' title='bbox 1301 3291 1397 3354; x_wconf 84' lang='lat' dir='ltr'><strong>Struv.</strong></span> <span class='ocrx_word' id='word_1_254' title='bbox 1416 3291 1514 3353; x_wconf 80' lang='lat' dir='ltr'><strong>Guelf.</strong></span> <span class='ocrx_word' id='word_1_255' title='bbox 1530 3314 1576 3352; x_wconf 92' lang='grc' dir='ltr'><strong>ιο.</strong></span> <span class='ocrx_word' id='word_1_256' title='bbox 1607 3294 1805 3374; x_wconf 81' lang='lat' dir='ltr'><strong>potiusquam</strong></span> <span class='ocrx_word' id='word_1_257' title='bbox 1828 3296 1895 3358; x_wconf 87' lang='lat' dir='ltr'><strong>bon.</strong></span> <span class='ocrx_word' id='word_1_258' title='bbox 1916 3303 1975 3358; x_wconf 78' lang='lat' dir='ltr'><strong>art·</strong></span> 
     </span>
     <span class='ocr_line' id='line_1_26' title="bbox 572 3396 1975 3480; baseline 0 -20"><span class='ocrx_word' id='word_1_259' title='bbox 572 3419 634 3460; x_wconf 82' lang='lat' dir='ltr'><strong>orn.</strong></span> <span class='ocrx_word' id='word_1_260' title='bbox 654 3399 739 3464; x_wconf 80' lang='lat' dir='ltr'><strong>Rem.</strong></span> <span class='ocrx_word' id='word_1_261' title='bbox 757 3419 783 3462; x_wconf 88' lang='grc' dir='ltr'><strong>ι.</strong></span> <span class='ocrx_word' id='word_1_262' title='bbox 811 3398 881 3478; x_wconf 84' lang='lat' dir='ltr'><strong>imp.</strong></span> <span class='ocrx_word' id='word_1_263' title='bbox 894 3398 1074 3459; x_wconf 54' lang='lat' dir='ltr'><strong>&amp;honores</strong></span> <span class='ocrx_word' id='word_1_264' title='bbox 1102 3396 1164 3458; x_wconf 88' lang='lat' dir='ltr'><strong>Bas.</strong></span> <span class='ocrx_word' id='word_1_265' title='bbox 1178 3397 1207 3468; x_wconf 70' lang='lat' dir='ltr'><strong>l.</strong></span> <span class='ocrx_word' id='word_1_266' title='bbox 1229 3397 1296 3464; x_wconf 85' lang='lat' dir='ltr'><strong>Eoo.</strong></span> <span class='ocrx_word' id='word_1_267' title='bbox 1324 3397 1452 3464; x_wconf 67' lang='lat' dir='ltr'><strong>Bermd.</strong></span> <span class='ocrx_word' id='word_1_268' title='bbox 1474 3407 1502 3459; x_wconf 86' lang='lat' dir='ltr'><strong>et</strong></span> <span class='ocrx_word' id='word_1_269' title='bbox 1518 3399 1603 3459; x_wconf 80' lang='lat' dir='ltr'><strong>adt.</strong></span> <span class='ocrx_word' id='word_1_270' title='bbox 1630 3398 1690 3458; x_wconf 86' lang='lat' dir='ltr'><strong>Erl.</strong></span> <span class='ocrx_word' id='word_1_271' title='bbox 1715 3399 1841 3480; x_wconf 83' lang='lat' dir='ltr'><strong>proinde</strong></span> <span class='ocrx_word' id='word_1_272' title='bbox 1866 3399 1929 3459; x_wconf 83' lang='lat' dir='ltr'><strong>Bas.</strong></span> <span class='ocrx_word' id='word_1_273' title='bbox 1949 3419 1975 3460; x_wconf 85' lang='grc' dir='ltr'><strong>ι.</strong></span> 
     </span>
     <span class='ocr_line' id='line_1_27' title="bbox 572 3499 1978 3586; baseline 0.001 -24"><span class='ocrx_word' id='word_1_274' title='bbox 572 3503 669 3562; x_wconf 86' lang='lat' dir='ltr'><strong>Senet.</strong></span> <span class='ocrx_word' id='word_1_275' title='bbox 688 3523 715 3562; x_wconf 83' lang='lat'><strong>2.</strong></span> <span class='ocrx_word' id='word_1_276' title='bbox 744 3499 844 3561; x_wconf 85' lang='lat' dir='ltr'><strong>Heuss.</strong></span> <span class='ocrx_word' id='word_1_277' title='bbox 865 3500 945 3562; x_wconf 87' lang='lat' dir='ltr'><strong>Vrat.</strong></span> <span class='ocrx_word' id='word_1_278' title='bbox 959 3520 985 3560; x_wconf 81' lang='lat' dir='ltr'><strong>a.</strong></span> <span class='ocrx_word' id='word_1_279' title='bbox 997 3505 1026 3564; x_wconf 79' lang='lat'><strong>3·</strong></span> <span class='ocrx_word' id='word_1_280' title='bbox 1046 3500 1152 3577; x_wconf 61' lang='lat' dir='ltr'><strong>{Guelb</strong></span> <span class='ocrx_word' id='word_1_281' title='bbox 1167 3523 1192 3561; x_wconf 83' lang='lat'><strong>1.</strong></span> <span class='ocrx_word' id='word_1_282' title='bbox 1204 3502 1232 3562; x_wconf 79' lang='lat'><strong>3.</strong></span> <span class='ocrx_word' id='word_1_283' title='bbox 1254 3521 1356 3562; x_wconf 87' lang='lat' dir='ltr'><strong>omnes</strong></span> <span class='ocrx_word' id='word_1_284' title='bbox 1374 3501 1456 3562; x_wconf 87' lang='lat' dir='ltr'><strong>Leid.</strong></span> <span class='ocrx_word' id='word_1_285' title='bbox 1471 3523 1531 3569; x_wconf 86' lang='lat' dir='ltr'><strong>exc.</strong></span> <span class='ocrx_word' id='word_1_286' title='bbox 1546 3525 1574 3586; x_wconf 84' lang='lat' dir='ltr'><strong>g.</strong></span> <span class='ocrx_word' id='word_1_287' title='bbox 1584 3500 1615 3562; x_wconf 91' lang='lat' dir='ltr'><strong>b.</strong></span> <span class='ocrx_word' id='word_1_288' title='bbox 1625 3523 1657 3563; x_wconf 91' lang='lat' dir='ltr'><strong>n.</strong></span> <span class='ocrx_word' id='word_1_289' title='bbox 1674 3501 1752 3566; x_wconf 85' lang='lat' dir='ltr'><strong>Rivii</strong></span> <span class='ocrx_word' id='word_1_290' title='bbox 1763 3505 1829 3568; x_wconf 70' lang='lat' dir='ltr'><strong>Mas.</strong></span> <span class='ocrx_word' id='word_1_291' title='bbox 1853 3503 1978 3584; x_wconf 77' lang='lat' dir='ltr'><strong>perinde</strong></span> 
     </span>
     <span class='ocr_line' id='line_1_28' title="bbox 574 3595 1977 3686; baseline -0.003 -17"><span class='ocrx_word' id='word_1_292' title='bbox 574 3607 670 3672; x_wconf 81' lang='lat' dir='ltr'><strong>ceteri.</strong></span> <span class='ocrx_word' id='word_1_293' title='bbox 688 3613 912 3686; x_wconf 66' lang='lat' dir='ltr'><strong>precinentem.</strong></span> <span class='ocrx_word' id='word_1_294' title='bbox 931 3605 1027 3665; x_wconf 78' lang='lat' dir='ltr'><strong>stmv.</strong></span> <span class='ocrx_word' id='word_1_295' title='bbox 1047 3603 1144 3665; x_wconf 84' lang='lat' dir='ltr'><strong>Guell.</strong></span> <span class='ocrx_word' id='word_1_296' title='bbox 1164 3624 1210 3665; x_wconf 80' lang='lat' dir='ltr'><strong>ra.</strong></span> <span class='ocrx_word' id='word_1_297' title='bbox 1229 3595 1356 3684; x_wconf 60' lang='lat' dir='ltr'><strong>valiaque</strong></span> <span class='ocrx_word' id='word_1_298' title='bbox 1372 3605 1474 3666; x_wconf 84' lang='lat' dir='ltr'><strong>omnia</strong></span> <span class='ocrx_word' id='word_1_299' title='bbox 1498 3607 1595 3668; x_wconf 82' lang='lat' dir='ltr'><strong>Struv.</strong></span> <span class='ocrx_word' id='word_1_300' title='bbox 1622 3606 1684 3666; x_wconf 79' lang='lat' dir='ltr'><strong>alia</strong></span> <span class='ocrx_word' id='word_1_301' title='bbox 1703 3627 1765 3668; x_wconf 86' lang='lat' dir='ltr'><strong>om.</strong></span> <span class='ocrx_word' id='word_1_302' title='bbox 1786 3607 1875 3673; x_wconf 76' lang='lat' dir='ltr'><strong>dead.</strong></span> <span class='ocrx_word' id='word_1_303' title='bbox 1895 3606 1977 3666; x_wconf 84' lang='lat' dir='ltr'><strong>Leid.</strong></span> 
     </span>
     <span class='ocr_line' id='line_1_29' title="bbox 574 3706 1978 3794; baseline -0.003 -20"><span class='ocrx_word' id='word_1_304' title='bbox 574 3733 606 3774; x_wconf 86' lang='lat' dir='ltr'><strong>n.</strong></span> <span class='ocrx_word' id='word_1_305' title='bbox 627 3709 730 3772; x_wconf 87' lang='lat' dir='ltr'><strong>omnia</strong></span> <span class='ocrx_word' id='word_1_306' title='bbox 742 3730 811 3794; x_wconf 75' lang='lat' dir='ltr'><strong>orn</strong></span> <span class='ocrx_word' id='word_1_307' title='bbox 825 3709 906 3771; x_wconf 84' lang='lat' dir='ltr'><strong>Vrat.</strong></span> <span class='ocrx_word' id='word_1_308' title='bbox 926 3727 952 3767; x_wconf 88' lang='grc' dir='ltr'><strong>ι.</strong></span> <span class='ocrx_word' id='word_1_309' title='bbox 972 3706 1069 3768; x_wconf 76' lang='lat' dir='ltr'><strong>Guelt.</strong></span> <span class='ocrx_word' id='word_1_310' title='bbox 1086 3708 1115 3768; x_wconf 90' lang='grc'><strong>5.</strong></span> <span class='ocrx_word' id='word_1_311' title='bbox 1133 3728 1180 3767; x_wconf 89' lang='grc' dir='ltr'><strong>ιο.</strong></span> <span class='ocrx_word' id='word_1_312' title='bbox 1198 3707 1281 3768; x_wconf 87' lang='lat' dir='ltr'><strong>Leid.</strong></span> <span class='ocrx_word' id='word_1_313' title='bbox 1296 3708 1317 3766; x_wconf 93' lang='lat' dir='ltr'><strong>i.</strong></span> <span class='ocrx_word' id='word_1_314' title='bbox 1338 3709 1441 3768; x_wconf 86' lang='lat' dir='ltr'><strong>omnia</strong></span> <span class='ocrx_word' id='word_1_315' title='bbox 1451 3709 1513 3769; x_wconf 78' lang='lat' dir='ltr'><strong>eliu</strong></span> <span class='ocrx_word' id='word_1_316' title='bbox 1532 3710 1633 3782; x_wconf 63' lang='grc' dir='ltr'><strong>ΒΜ.</strong></span> <span class='ocrx_word' id='word_1_317' title='bbox 1651 3731 1705 3790; x_wconf 83' lang='lat' dir='ltr'><strong>per</strong></span> <span class='ocrx_word' id='word_1_318' title='bbox 1716 3732 1745 3772; x_wconf 84' lang='lat' dir='ltr'><strong>se</strong></span> <span class='ocrx_word' id='word_1_319' title='bbox 1757 3711 1828 3792; x_wconf 83' lang='lat' dir='ltr'><strong>ipsa.</strong></span> <span class='ocrx_word' id='word_1_320' title='bbox 1843 3712 1905 3792; x_wconf 84' lang='lat' dir='ltr'><strong>ipso</strong></span> <span class='ocrx_word' id='word_1_321' title='bbox 1917 3731 1978 3770; x_wconf 83' lang='lat' dir='ltr'><strong>om.</strong></span> 
     </span>
     <span class='ocr_line' id='line_1_30' title="bbox 574 3811 1978 3896; baseline 0.004 -19"><span class='ocrx_word' id='word_1_322' title='bbox 574 3816 654 3890; x_wconf 68' lang='lat' dir='ltr'><strong>Vrat.</strong></span> <span class='ocrx_word' id='word_1_323' title='bbox 668 3838 694 3877; x_wconf 89' lang='lat' dir='ltr'><strong>r.</strong></span> <span class='ocrx_word' id='word_1_324' title='bbox 716 3814 814 3877; x_wconf 80' lang='lat' dir='ltr'><strong>Gnell.</strong></span> <span class='ocrx_word' id='word_1_325' title='bbox 828 3834 875 3876; x_wconf 83' lang='lat' dir='ltr'><strong>ra.</strong></span> <span class='ocrx_word' id='word_1_326' title='bbox 895 3813 982 3874; x_wconf 78' lang='lat' dir='ltr'><strong>clara</strong></span> <span class='ocrx_word' id='word_1_327' title='bbox 1001 3831 1103 3894; x_wconf 73' lang='lat' dir='ltr'><strong>magn.</strong></span> <span class='ocrx_word' id='word_1_328' title='bbox 1128 3811 1190 3878; x_wconf 83' lang='lat' dir='ltr'><strong>Bas.</strong></span> <span class='ocrx_word' id='word_1_329' title='bbox 1205 3832 1231 3871; x_wconf 89' lang='grc' dir='ltr'><strong>ι.</strong></span> <span class='ocrx_word' id='word_1_330' title='bbox 1253 3811 1467 3894; x_wconf 64' lang='grc' dir='ltr'><strong>ιηαςιιῄῇοιᾳιιι</strong></span> <span class='ocrx_word' id='word_1_331' title='bbox 1486 3813 1547 3875; x_wconf 80' lang='lat' dir='ltr'><strong>Bas.</strong></span> <span class='ocrx_word' id='word_1_332' title='bbox 1560 3815 1588 3886; x_wconf 74' lang='lat' dir='ltr'><strong>l.</strong></span> <span class='ocrx_word' id='word_1_333' title='bbox 1609 3815 1661 3896; x_wconf 81' lang='lat' dir='ltr'><strong>qui</strong></span> <span class='ocrx_word' id='word_1_334' title='bbox 1672 3815 1813 3878; x_wconf 69' lang='lat' dir='ltr'><strong>aeclinant</strong></span> <span class='ocrx_word' id='word_1_335' title='bbox 1831 3818 1934 3881; x_wconf 74' lang='lat' dir='ltr'><strong>incest.</strong></span> <span class='ocrx_word' id='word_1_336' title='bbox 1951 3835 1978 3882; x_wconf 81' lang='grc' dir='ltr'><strong>ι.</strong></span> 
     </span>
     <span class='ocr_line' id='line_1_31' title="bbox 576 3915 1682 4002; baseline -0.002 -20"><span class='ocrx_word' id='word_1_337' title='bbox 576 3922 628 4002; x_wconf 81' lang='lat' dir='ltr'><strong>qui</strong></span> <span class='ocrx_word' id='word_1_338' title='bbox 637 3941 687 3986; x_wconf 83' lang='lat' dir='ltr'><strong>eos</strong></span> <span class='ocrx_word' id='word_1_339' title='bbox 711 3921 774 3982; x_wconf 80' lang='lat' dir='ltr'><strong>Bas.</strong></span> <span class='ocrx_word' id='word_1_340' title='bbox 793 3940 819 3981; x_wconf 87' lang='grc' dir='ltr'><strong>ι.</strong></span> <span class='ocrx_word' id='word_1_341' title='bbox 837 3918 970 4001; x_wconf 77' lang='lat' dir='ltr'><strong>pigetque</strong></span> <span class='ocrx_word' id='word_1_342' title='bbox 983 3917 1124 3997; x_wconf 71' lang='lat' dir='ltr'><strong>tradetque</strong></span> <span class='ocrx_word' id='word_1_343' title='bbox 1144 3915 1240 3982; x_wconf 83' lang='lat' dir='ltr'><strong>Guell.</strong></span> <span class='ocrx_word' id='word_1_344' title='bbox 1254 3916 1282 3978; x_wconf 88' lang='lat'><strong>5.</strong></span> <span class='ocrx_word' id='word_1_345' title='bbox 1303 3919 1445 3998; x_wconf 69' lang='lat' dir='ltr'><strong>taedetque</strong></span> <span class='ocrx_word' id='word_1_346' title='bbox 1465 3918 1636 3979; x_wconf 79' lang='lat' dir='ltr'><strong>omGneli.</strong></span> <span class='ocrx_word' id='word_1_347' title='bbox 1653 3923 1682 3982; x_wconf 80' lang='lat'><strong>3.</strong></span> 
     </span>
    </p>
   </div>
   <div class='ocr_carea' id='block_1_6' title="bbox 579 4013 1983 4342">
    <p class='ocr_par' dir='ltr' id='par_1_7' title="bbox 579 4013 1983 4342">
     <span class='ocr_line' id='line_1_32' title="bbox 657 4013 1981 4132; baseline -0.001 -21"><span class='ocrx_word' id='word_1_348' title='bbox 657 4048 734 4132; x_wconf 61' lang='lat' dir='ltr'><strong>op.</strong></span> <span class='ocrx_word' id='word_1_349' title='bbox 747 4049 776 4112; x_wconf 83' lang='lat' dir='ltr'><strong>s.</strong></span> <span class='ocrx_word' id='word_1_350' title='bbox 807 4047 867 4123; x_wconf 71' lang='grc' dir='ltr'><strong>,ιιι</strong></span> <span class='ocrx_word' id='word_1_351' title='bbox 879 4046 951 4112; x_wconf 66' lang='lat' dir='ltr'><strong>aa.</strong></span> <span class='ocrx_word' id='word_1_352' title='bbox 973 4045 1113 4107; x_wconf 57' lang='lat' dir='ltr'><strong>suerri.</strong></span> <span class='ocrx_word' id='word_1_353' title='bbox 1132 4013 1741 4124; x_wconf 61' lang='lat' dir='ltr'><strong>var1.vans0.2.,ae-0m..oubnt</strong></span> <span class='ocrx_word' id='word_1_354' title='bbox 1762 4047 1872 4110; x_wconf 68' lang='lat' dir='ltr'><strong>auno</strong></span> <span class='ocrx_word' id='word_1_355' title='bbox 1890 4048 1981 4110; x_wconf 67' lang='lat' dir='ltr'><strong>toa.</strong></span> 
     </span>
     <span class='ocr_line' id='line_1_33' title="bbox 579 4149 1982 4234; baseline -0.003 -18"><span class='ocrx_word' id='word_1_356' title='bbox 579 4155 664 4222; x_wconf 76' lang='lat' dir='ltr'><strong>Rem.</strong></span> <span class='ocrx_word' id='word_1_357' title='bbox 678 4177 702 4215; x_wconf 87' lang='grc' dir='ltr'><strong>ι.</strong></span> <span class='ocrx_word' id='word_1_358' title='bbox 723 4155 820 4222; x_wconf 83' lang='lat' dir='ltr'><strong>Guell.</strong></span> <span class='ocrx_word' id='word_1_359' title='bbox 832 4153 861 4218; x_wconf 76' lang='grc' dir='ltr'><strong>ὅ.</strong></span> <span class='ocrx_word' id='word_1_360' title='bbox 879 4173 925 4215; x_wconf 78' lang='grc' dir='ltr'><strong>ιι.</strong></span> <span class='ocrx_word' id='word_1_361' title='bbox 945 4153 1044 4234; x_wconf 82' lang='lat' dir='ltr'><strong>plnres</strong></span> <span class='ocrx_word' id='word_1_362' title='bbox 1061 4149 1150 4215; x_wconf 81' lang='lat' dir='ltr'><strong>Rivii.</strong></span> <span class='ocrx_word' id='word_1_363' title='bbox 1172 4149 1261 4211; x_wconf 76' lang='lat' dir='ltr'><strong>Pelet.</strong></span> <span class='ocrx_word' id='word_1_364' title='bbox 1281 4161 1363 4210; x_wconf 76' lang='lat' dir='ltr'><strong>&#39;note</strong></span> <span class='ocrx_word' id='word_1_365' title='bbox 1383 4151 1511 4211; x_wconf 84' lang='lat' dir='ltr'><strong>melioris</strong></span> <span class='ocrx_word' id='word_1_366' title='bbox 1535 4149 1655 4213; x_wconf 88' lang='lat' dir='ltr'><strong>Gomm.</strong></span> <span class='ocrx_word' id='word_1_367' title='bbox 1682 4152 1764 4212; x_wconf 84' lang='lat' dir='ltr'><strong>Leid.</strong></span> <span class='ocrx_word' id='word_1_368' title='bbox 1778 4173 1804 4214; x_wconf 83' lang='lat' dir='ltr'><strong>e.</strong></span> <span class='ocrx_word' id='word_1_369' title='bbox 1817 4153 1846 4212; x_wconf 84' lang='lat' dir='ltr'><strong>k.</strong></span> <span class='ocrx_word' id='word_1_370' title='bbox 1873 4152 1982 4212; x_wconf 72' lang='lat' dir='ltr'><strong>deinde</strong></span> 
     </span>
     <span class='ocr_line' id='line_1_34' title="bbox 580 4253 1983 4342; baseline 0.001 -23"><span class='ocrx_word' id='word_1_371' title='bbox 580 4261 659 4342; x_wconf 87' lang='lat' dir='ltr'><strong>plur.</strong></span> <span class='ocrx_word' id='word_1_372' title='bbox 674 4257 772 4320; x_wconf 87' lang='lat' dir='ltr'><strong>Codd.</strong></span> <span class='ocrx_word' id='word_1_373' title='bbox 783 4268 854 4320; x_wconf 81' lang='lat' dir='ltr'><strong>tune</strong></span> <span class='ocrx_word' id='word_1_374' title='bbox 865 4258 997 4340; x_wconf 75' lang='lat' dir='ltr'><strong>primum</strong></span> <span class='ocrx_word' id='word_1_375' title='bbox 1007 4255 1113 4342; x_wconf 84' lang='lat' dir='ltr'><strong>pleriq.</strong></span> <span class='ocrx_word' id='word_1_376' title='bbox 1122 4253 1219 4316; x_wconf 87' lang='lat' dir='ltr'><strong>Codd.</strong></span> <span class='ocrx_word' id='word_1_377' title='bbox 1231 4255 1262 4316; x_wconf 86' lang='lat' dir='ltr'><strong>in</strong></span> <span class='ocrx_word' id='word_1_378' title='bbox 1277 4253 1517 4339; x_wconf 69' lang='lat' dir='ltr'><strong>quib.Baa.·1.l.</strong></span> <span class='ocrx_word' id='word_1_379' title='bbox 1537 4255 1608 4322; x_wconf 83' lang='lat' dir='ltr'><strong>Tur.</strong></span> <span class='ocrx_word' id='word_1_380' title='bbox 1627 4255 1713 4318; x_wconf 86' lang='lat' dir='ltr'><strong>Bcrn.</strong></span> <span class='ocrx_word' id='word_1_381' title='bbox 1730 4277 1756 4323; x_wconf 92' lang='grc' dir='ltr'><strong>ι.</strong></span> <span class='ocrx_word' id='word_1_382' title='bbox 1777 4255 1925 4320; x_wconf 78' lang='lat' dir='ltr'><strong>obviatum</strong></span> <span class='ocrx_word' id='word_1_383' title='bbox 1941 4265 1983 4320; x_wconf 69' lang='lat' dir='ltr'><strong>est</strong></span> 
     </span>
    </p>
   </div>
   <div class='ocr_carea' id='block_1_7' title="bbox 0 0 2339 5316">
    <p class='ocr_par' dir='ltr' id='par_1_8' title="bbox 0 0 2339 5316">
     <span class='ocr_line' id='line_1_35' title="bbox 0 0 2339 5316; baseline 0 0"><span class='ocrx_word' id='word_1_384' title='bbox 0 0 2339 5316; x_wconf 95' lang='lat' dir='ltr'><strong> </strong></span> 
     </span>
    </p>
   </div>
  </div>
 </body>
</html>
