4570 5316
1619 423 1686 518 173

289 594 502 698 supplices,
535 593 702 668 modicos
723 619 819 682 esse,
852 593 941 669 dein
973 621 1043 700 per
1076 593 1265 697 ignaviam
1295 609 1333 668 et
1356 595 1573 697 superbiam
1600 615 1687 672 aeta-

288 734 364 791 tem
383 743 509 820 agere3
526 717 591 792 sed
611 716 708 791 mihi
731 734 864 791 contra
880 743 922 790 ea
950 715 1107 791 videtur.
1147 718 1244 789 Nam
1268 741 1345 818 quc
1358 718 1491 819 pluris
1512 720 1697 795 universa

286 839 498 941 respublica
521 867 639 942 quam
665 839 882 914 consulatus
907 856 975 912 aut
1004 856 1188 943 praetura,
1214 865 1257 913 eo
1290 835 1432 912 maiore
1462 866 1552 913 cura
1580 842 1689 946 illam⁸

287 961 543 1070 administrari
574 951 692 1064 quam
718 960 801 1035 haec
822 960 1078 1066 petidebere..
1118 963 1248 1062 Neque
1268 988 1328 1034 me
1350 961 1471 1050 fallit,
1495 981 1691 1062 quantum*

287 1110 376 1158 cum
399 1111 577 1158 maxumo
596 1083 791 1170 beneliciov
807 1099 927 1157 vestro
956 1082 1096 1186 negotii
1119 1085 1333 1158 sustineam.
1384 1084 1530 1157 Bellum
1551 1111 1687 1187 parare

284 1207 397 1279 simul
420 1223 457 1279 et
478 1207 610 1278 aerario
629 1231 783 1308 parcere
794 1237 805 1298 3
828 1231 958 1308 cogere
973 1205 1022 1280 ad
1037 1203 1216 1279 militiam
1236 1231 1319 1292 eos,
1340 1233 1434 1306 quos
1452 1207 1550 1286 nulis
1570 1205 1689 1282 olien-

283 1329 371 1402 dere
379 1362 389 1419 ;
413 1329 516 1400 dorni
539 1327 705 1428 forisque
719 1329 846 1401 omnia
872 1355 1027 1422 curare3
1051 1345 1089 1403 et
1114 1356 1157 1404 ea
1182 1355 1289 1434 agere
1315 1328 1417 1402 inter-
1436 1328 1600 1416 invidos,
1624 1358 1685 1432 oc-⁴

284 1450 484 1537 cursantis,
519 1448 708 1539 factiosos,
742 1451 941 1553 opinione,
974 1452 1158 1548 Quirites,
1195 1452 1360 1554 asperius
1391 1468 1453 1524 est.
1503 1451 1682 1542 adhoc,

282 1570 347 1645 alii
364 1571 395 1644 si
415 1570 628 1672 deliquere,
653 1588 759 1646 vetus
779 1573 975 1663 nobilitas,
1000 1576 1190 1647 maibrum
1215 1574 1326 1647 sortia
1354 1571 1476 1662 faeta,
1507 1594 1689 1679 cognato-¹

281 1723 368 1768 rum
389 1711 427 1770 et
442 1694 630 1768 adfinium
652 1721 756 1797 opes,
780 1697 912 1769 multae
940 1696 1142 1782 clientelae,
1164 1697 1292 1768 omnia
1314 1693 1395 1766 haec
1421 1698 1595 1795 praesidio
1618 1697 1683 1772 ada

279 1833 369 1892 sunt
388 1851 396 1892 ε
417 1815 514 1891 milri
535 1843 615 1920 spes
635 1843 766 1890 omnes
785 1817 827 1891 in
846 1833 984 1890 memet
996 1817 1091 1904 sitae,
1111 1842 1205 1917 quas
1231 1837 1376 1890 necesse
1400 1834 1454 1889 est
1475 1819 1615 1892 virtute
1645 1833 1688 1894 et·

281 1941 499 2015 innocentia
533 1939 680 2032 tutari,
716 1965 808 2012 nam
836 1939 911 2013 alia
945 1937 1098 2012 infirma
1129 1953 1227 2013 sunt.
1276 1941 1326 2012 Et
1360 1939 1458 2012 illud
1490 1940 1683 2043 intellege,

279 2063 467 2159 Quirites,
494 2063 668 2136 omnium
686 2088 751 2135 ora
777 2062 819 2135 in
840 2088 910 2135 mc·
931 2087 1111 2135 convorsa
1146 2087 1221 2135 esse
1240 2093 1247 2134 ε
1269 2087 1394 2164 aequm
1416 2063 1610 2163 bonosque
1628 2057 1688 2136 sa-'

275 2213 377 2262 rere:
414 2185 566 2288 quippe
585 2211 669 2258 mea
702 2183 898 2259 benefacta
920 2183 1141 2286 reipublicae
1171 2185 1407 2286 procedunt-3
1438 2177 1678 2258 nobilitatem

278 2309 406 2384 locum
427 2306 632 2382 invadendi
654 2333 828 2407 quaerere.
867 2307 955 2401 Quo
978 2305 1074 2380 mihi
1102 2303 1225 2380 acrius
1252 2299 1504 2380 adnitendum
1522 2323 1595 2396 est,
1621 2308 1688 2380 uti*

274 2457 398 2533 neque
417 2457 489 2504 vos·
502 2430 708 2531 capiamini
729 2444 767 2498 et
795 2427 853 2498 illi
875 2427 1013 2500 frustra
1041 2428 1126 2502 sint.
1170 2425 1296 2501 Ita-ad
1311 2428 1385 2514 linc
1404 2425 1564 2523 aetatis-a
1587 2455 1681 2531 pue-

274 2555 360 2628 ritia
378 2551 452 2641 fui,
477 2567 522 2624 ut
546 2550 668 2624 omnis
693 2547 855 2634 labores,
879 2547 1049 2649 pericula
1072 2565 1249 2622 consueta
1278 2549 1448 2622 habeam.
1490 2551 1587 2652 Qure
1611 2579 1682 2625 an·-

275 2692 310 2752 te
334 2691 454 2751 vestra
484 2672 667 2748 beneficia
696 2669 862 2776 gratuito
894 2669 1096 2758 faciebam,
1119 2669 1275 2756 cauti,
1304 2686 1457 2770 accepta
1481 2673 1675 2762 mercede,

273 2799 458 2892 deseram,
483 2824 563 2872 non
583 2809 640 2871 est
657 2794 876 2880 consilium,
893 2791 1068 2890 Quirites.
1107 2791 1190 2864 Illis.
1210 2789 1362 2872 difficile
1383 2807 1436 2864 est
1456 2791 1495 2862 in
1515 2808 1677 2894 potesta.

352 3017 425 3099 Cap.
440 3017 489 3082 85.
512 3013 625 3076 hiisdem
641 3025 699 3074 art.
720 3016 853 3096 plerique
873 3013 1063 3074 cortii'libri.
1094 3011 1240 3093 simplicii}
1264 3010 1349 3072 Febr.
1370 3008 1469 3070 Vinar.
1489 3031 1513 3074 ι.
1535 3010 1632 3070 Guell.
1647 3035 1684 3072 12.

241 3181 244 3190 ,
269 3127 334 3184 Seu.
354 3144 378 3182 ι.
399 3122 469 3182 dein
488 3122 549 3181 Bas.
565 3143 590 3178 r.
617 3119 687 3177 Tur.
707 3117 792 3183 Bern.
805 3119 834 3178 3.
855 3117 965 3178 dehinc
983 3119 1023 3176 ita
1042 3117 1175 3200 erc-'Cora
1195 3116 1387 3174 Febrim-inc.
1401 3134 1431 3172 a.
1448 3113 1538 3174 Aera.
1559 3115 1673 3174 Vina.

269 3229 385 3288 Gruteri
401 3227 515 3286 univit
530 3224 608 3284 libri.
628 3222 712 3282 Rem.
727 3241 753 3286 a.
774 3221 871 3282 Sonat.
888 3244 912 3279 ι.
932 3223 1012 3281 Vrat.
1029 3242 1055 3279 ι.
1067 3221 1097 3279 3.
1118 3220 1215 3278 Guell.
1229 3223 1256 3281 3.
1273 3219 1301 3281 6,
1312 3239 1341 3296 9.
1362 3217 1470 3275 deinde
1483 3219 1543 3275 alii.
1566 3219 1683 3278 coutra'

162 3327 167 3338 '
239 3317 245 3325 ¹
266 3353 302 3392 ea
323 3317 454 3391 meliores
466 3329 559 3388 Gonit
574 3327 659 3401 libri,
679 3327 823 3388 accedunt
842 3330 940 3406 plures
955 3323 1036 3384 Leid.
1058 3321 1089 3382 in
1104 3301 1209 3404 quibus
1222 3323 1250 3380 k'.
1271 3325 1291 3380 Ι.
1313 3313 1415 3379 omnes
1435 3319 1491 3380 iere
1504 3319 1627 3382 'Guneri
1644 3335 1682 3384 et

267 3430 380 3497 Wa'ssii.
403 3431 686 3498 Paris.a.b.c.d.e.
714 3430 812 3489 Turic.
833 3427 895 3487 Bas.
919 3449 944 3487 1.
965 3429 1002 3516 4.Ι
1021 3447 1079 3505 quo
1093 3426 1186 3504 plurr's
1205 3435 1245 3485 est
1264 3443 1315 3490 un.
1339 3443 1364 3484 r.
1394 3427 1517 3504 plurimi
1531 3426 1565 3485 C.
1585 3425 1652 3486 libri
1661 3467 1684 3502 ,.

178 3535 184 3542 ⁵
267 3541 353 3601 etiam
375 3536 513 3599 Giaccon.
526 3535 601 3595 cod.
621 3534 724 3603 ΒΜ.
744 3533 812 3592 Tur.
834 3530 1284 3610 uem.1.3.p1urtrquessas;1.
1306 3539 1416 3608 quanto
1428 3530 1470 3608 pl.
1491 3530 1558 3595 Vin.
1573 3551 1599 3595 a.
1619 3529 1684 3592 Ac..

266 3641 369 3703 Franc.
389 3644 449 3701 inc.
465 3661 490 3700 ι.
502 3641 567 3702 Ecc.
579 3641 676 3699 G‘uell.
687 3638 715 3708 4.
733 3657 777 3695 ιο.
798 3636 879 3695 L'eid.
889 3657 929 3693 m.
951 3635 1034 3694 allam
1046 3637 1128 3694 adm.
1150 3619 1308 3711 pion-om.
1320 3631 1404 3692 latr.
1418 3655 1442 3691 ι.
1453 3634 1521 3692 Vin.
1535 3655 1560 3696 ι.
1576 3636 1635 3692 inc.
1648 3655 1683 3697 r..

265 3768 313 3809 eos
326 3765 404 3826 quos.
418 3765 465 3806 eos
475 3766 536 3805 om.
556 3747 615 3804 inc.
632 3765 656 3802 ι.
672 3743 756 3801 ll'em.
768 3761 795 3800 2.
815 3735 896 3799 Leid':
904 3743 925 3800 l.
939 3740 1120 3800 occursantis
1132 3739 1195 3797 Ba's‘.
1212 3759 1237 3797 1.
1255 3736 1451 3814 sonicsacta
1462 3737 1522 3794 Bas.
1535 3757 1562 3793 a.
1573 3735 1672 3805 Μαι.
1749 3809 1753 3816 ¹

265 3848 350 3911 Bem.
365 3873 391 3910 1.
403 3850 431 3911 δ’.
451 3851 568 3909 iterante
585 3847 703 3910 Rivium
722 3847 786 3906 fait.
798 3841 890 3922 fricta
897 3845 998 3922 Jb'rtia
1010 3845 1106 3904 ceteri.
1127 3845 1303 3920 fa‘cm’omr
1313 3837 1397 3898 Febr.
1417 3841 1498 3914 Vaut.
1508 3843 1535 3900 3.
1546 3839 1625 3919 fleg.
1639 3839 1681 3898 im

265 3955 361 4016 Guell'.
370 3955 399 4028 l.
408 3959 507 4015 lucum
520 3963 622 4012 mutat.
642 3971 698 4012 esse
710 3947 940 4013 corwersa‘Bcrn.
951 3969 975 4013 1.
989 3949 1129 4008 sitoesunt
1146 3944 1264 4005 Leid.'a.
1274 3965 1299 4006 c.
1310 3965 1335 4002 e.
1347 3965 1375 4025 g.
1386 3943 1412 4001 k.
1423 3961 1507 4000 mn.
1516 3951 1555 4000 et
1566 3940 1680 4001 virtuts

265 4069 292 4119 et
306 4061 348 4120 in.
364 4063 404 4119 ita
413 4058 479 4122 ltiv.
496 4057 623 4119 et‘Gint.
645 4057 717 4119 Hav.
737 4053 819 4119 teia.
836 4053 983 4133 red‘prius
999 4062 1031 4111 et
1046 4048 1230 4132 pleriqueo.
1246 4047 1324 4107 libri.
1345 4067 1406 4104 om.
1427 4046 1513 4104 etiam
1527 4044 1588 4104 Bas.
1604 4046 1673 4116 nl.

264 4159 333 4226 Tur.
354 4185 394 4228 m.
405 4184 449 4243 pr.
470 4181 507 4222 ea
522 4162 630 4224 virtute
648 4158 759 4220 Fabric.
780 4155 876 4214 Guell.
885 4155 914 4214 6.
933 4155 1002 4235 Teg.
1019 4141 1064 4214 'est
1079 4153 1276 4212 adnitendum
1294 4149 1391 4207 Gnell.
1404 4147 1433 4208 3.
1455 4167 1519 4206 mea
1533 4147 1675 4224 beneficia

264 4265 362 4335 nra.
384 4267 456 4350 Teg.
476 4263 545 4326 Tur.
566 4263 723 4326 Berua&
735 4257 884 4337 frustrati
892 4257 958 4318 'sirit
975 4258 1034 4317 inc.
1055 4255 1107 4316 Aa.
1125 4255 1228 4318 Franc.
1249 4253 1320 4318 vm.
1337 4255 1424 4315 vm.
1438 4251 1624 4314 213.·Gucll.
1636 4253 1686 4314 6.»-
