4582 5320
1646 403 1715 481 129

311 559 558 662 acerbiusque
579 555 663 633 suit
710 555 884 656 Namque
910 578 1057 657 coepere
1083 552 1264 630 nobilitas
1287 554 1531 661 dignitam
1547 558 1713 663 populus
1846 599 1850 614 ·

315 683 528 760 libertatem
556 682 599 755 in
628 679 844 754 lubidinem
872 692 1036 753 vertere:
1061 677 1134 752 sibi
1166 679 1328 782 quisque
1353 678 1507 770 ducere,
1542 680 1713 773 trahere,

310 832 451 910 rapere
501 809 558 879 lta
582 802 710 878 omnia
730 799 882 875 induas
901 815 1025 902 partes
1041 800 1228 875 abstracta
1244 819 1353 890 sunt,
1367 802 1596 906 respublica,
1627 829 1714 907 quae

310 924 435 1004 media
453 926 594 1013 fuerat,
616 924 831 1000 dilacerata.
873 923 1051 995 Ceterum
1073 922 1253 998 nobilitas
1271 922 1435 999 factione
1456 927 1572 1029 magis
1594 928 1714 1030 polle-

314 1049 400 1124 bat:
418 1049 539 1153 plebis
556 1047 611 1122 vis
627 1044 751 1120 soluta
771 1061 887 1146 atque
903 1042 1067 1146 dispersa
1083 1045 1125 1119 in
1141 1045 1391 1122 multitudine
1402 1048 1531 1121 minus
1546 1065 1711 1151 poterat:

313 1197 526 1276 paucorum
541 1167 700 1244 arbitrio
725 1166 817 1241 belli
836 1164 1019 1270 domique
1049 1167 1290 1272 agitabatur:
1315 1195 1428 1272 penes
1449 1170 1599 1246 eosdem
1621 1195 1713 1246 aera·

310 1295 431 1384 rium,
458 1290 682 1397 provinciae,
710 1288 962 1392 magistratus,
987 1288 1116 1391 gloriae
1138 1288 1401 1393 triumphique
1427 1308 1564 1368 crant:
1588 1319 1712 1398 popu·

310 1417 369 1494 lus
393 1414 531 1493 militia
548 1430 662 1514 atque
679 1409 809 1514 inopia
834 1409 1093 1512 urguebatur3
1117 1412 1262 1514 praedas
1289 1414 1444 1489 bellicas
1468 1414 1711 1519 imperatores

310 1566 399 1615 cum
418 1537 548 1643 paucis
566 1533 808 1636 diripiebant
857 1534 1006 1606 Interea
1035 1551 1209 1635 parentes
1239 1553 1307 1610 aut
1335 1537 1441 1641 parvi
1477 1537 1587 1612 liberi
1610 1537 1711 1612 mili·

312 1677 412 1749 tum,
429 1662 487 1735 uti
504 1659 665 1762 quisque
679 1652 885 1760 potentiori
901 1652 1062 1727 confluis
1083 1672 1180 1746 erat,
1198 1657 1348 1754 sedibus
1362 1658 1614 1762 pellebantur.
1651 1643 1709 1758 Ita

312 1811 401 1858 cum
417 1781 588 1887 potentia
616 1778 772 1853 avaritia
788 1775 870 1850 sine
895 1774 1009 1849 modo
1028 1776 1287 1881 modestiaque
1317 1780 1513 1875 invadere5
1537 1779 1710 1884 polluere

311 1922 349 1981 et
368 1921 512 1981 vastare
529 1903 685 1994 omnia;
708 1897 810 1974 nihil
833 1897 940 2000 pensi
960 1923 1085 2000 neque
1105 1902 1227 1974 sancti
1244 1899 1410 1992 habere,
1440 1904 1569 2006 quoad
1594 1921 1711 1978 semet

311 2029 389 2132 ipsa
415 2024 674 2132 praecipitavit
724 2024 821 2096 Nam
843 2019 912 2093 ubi
943 2020 1113 2122 primum
1141 2048 1187 2096 cx
1217 2024 1418 2100 nobilitate
1442 2025 1582 2129 reperti
1600 2043 1711 2115 sunt,

313 2150 379 2253 qui
401 2175 529 2224 veram
557 2145 717 2251 gloriam
745 2143 895 2236 iniustae
921 2143 1101 2250 potentiae
1129 2161 1423 2248 anteponerent;
1451 2149 1594 2224 moveri
1622 2150 1712 2224 civi·

314 2288 367 2346 tas
391 2287 431 2347 et
457 2269 634 2346 dissensio
659 2266 798 2354 civilis,
822 2265 929 2367 quasi
949 2267 1153 2368 permixtio
1173 2283 1299 2358 terrae,
1323 2269 1415 2343 oriri
1438 2272 1564 2374 coepit
1612 2273 1761 2352 Narnia

313 2413 512 2500 postquam
534 2391 707 2466 Tiberius
724 2405 764 2464 et
785 2391 823 2464 (2
846 2385 1071 2479 Gracchus,
1101 2417 1269 2491 quorum
1291 2394 1452 2467 maiores
1477 2393 1624 2470 Puuioo
1655 2410 1712 2469 at·
1746 2389 1755 2410 ¹
1833 2463 1836 2472 .

314 2545 387 2620 que
401 2517 484 2592 aliis
507 2515 616 2591 bellis
634 2513 804 2588 multum
826 2508 1047 2612 reipublicae
1072 2511 1313 2603 addiderant,
1340 2515 1536 2591 vindicare
1560 2516 1712 2619 plebem

314 2641 356 2718 in
383 2641 598 2717 libertatem
626 2652 666 2714 et
695 2659 910 2740 paucorum
934 2631 1073 2706 scelera
1101 2633 1312 2742 patefacere
1339 2661 1508 2740 coepere:
1534 2639 1711 2714 nobilitas

315 2859 371 2902 rer.
390 2839 462 2906 Tur.
483 2859 544 2900 om.
569 2859 610 2896 m.
620 2857 667 2919 pr.
687 2833 764 2898 civit.
777 2830 811 2892 in
827 2831 855 2899 b.
867 2841 926 2892 ort.
947 2827 1033 2889 Febr.
1053 2828 1124 2890 Tur.
1146 2831 1287 2892 mutum
1304 2833 1424 2895 decessit
1447 2833 1558 2894 Leidl.
1586 2836 1671 2895 Paris.
1684 2859 1711 2897 a.

314 2964 343 3004 c.
357 2943 443 3004 bern.
455 2963 480 3009 ι.
502 2959 615 3006 reseco.
641 2940 703 2999 Bas.
720 2939 784 3008 hi·
809 2936 879 2996 Tur.
908 2935 994 2996 bem.
1008 2956 1033 2994 ι.
1060 2934 1192 2996 acerbius
1214 2936 1493 3016 asperiusqucsuerc
1511 2937 1624 3000 Fabric.
1643 2939 1713 3022 Tcg.

314 3047 381 3107 Tur.
402 3069 443 3108 m.
455 3067 500 3128 pr.
512 3051 554 3122 stt
575 3043 642 3104 Bas.
659 3043 725 3113 ud.
746 3041 841 3103 strar.
862 3042 922 3101 inc.
934 3061 962 3100 a.
984 3040 1069 3099 hcm.
1089 3038 1193 3105 Franc.
1213 3038 1349 3112 Guelld.
1377 3042 1467 3103 tulero
1486 3043 1554 3105 Vin.
1566 3062 1595 3108 α,
1616 3043 1714 3104 Guelf,

316 3150 343 3211 3.
362 3152 442 3214 Vrat.
453 3172 482 3213 a.
494 3151 560 3229 snit
580 3149 702 3232 plurimi
718 3145 796 3208 libri.
819 3143 928 3224 dignit.
945 3142 978 3203 in
991 3143 1153 3224 sttpcrbiam
1179 3146 1267 3223 pauci
1282 3164 1317 3204 cx
1328 3145 1494 3204 deteriorib.
1515 3145 1609 3206 Cottii
1622 3145 1713 3208 libris.

316 3258 346 3316 d.
359 3257 392 3318 in
403 3254 550 3318 dominat.
570 3251 705 3317 Guell23.
719 3269 822 3312 naa.
842 3249 924 3309 Leid.
936 3250 957 3307 l.
979 3247 1152 3312 trcsWassii.
1173 3245 1231 3306 Pal.
1241 3269 1269 3327 7.
1283 3268 1327 3312 ro.
1347 3248 1410 3307 Bas.
1422 3249 1451 3321 4.
1472 3249 1557 3309 Bern.
1576 3272 1602 3309 ι.
1623 3251 1715 3312 dilue.

315 3369 364 3426 est.
389 3361 547 3422 leidae.
559 3359 626 3424 the.
643 3359 663 3416 f.
677 3377 705 3438 g.
717 3353 749 3420 h.
762 3354 842 3413 hm.
873 3349 995 3431 respubl.
1015 3349 1185 3429 agitabam
1212 3348 1292 3410 Leid.
1304 3349 1335 3408 b.
1349 3371 1375 3410 e.
1390 3351 1491 3411 ΗΜ.
1504 3357 1525 3418 l.
1539 3375 1580 3413 m.
1594 3374 1624 3420 n.
1652 3354 1715 3416 Bas.

317 3466 345 3535 d.
364 3465 449 3524 Bern.
463 3486 488 3523 r.
510 3467 607 3544 plures
618 3461 733 3523 Wassii.
753 3459 814 3517 Erl.
835 3455 920 3514 Paris.
932 3454 962 3520 b.
976 3474 1002 3519 e.
1023 3452 1167 3532 triumphi
1179 3462 1266 3512 crum
1285 3454 1344 3513 inc.
1374 3457 1554 3534 urguebatur
1572 3460 1716 3520 incerta.

316 3587 382 3629 cum
393 3567 494 3648 paucis
511 3587 572 3632 om.
592 3563 672 3624 Vrat.
686 3579 713 3624 a.
734 3560 870 3624 Guoll.3.
892 3557 939 3620 uti
947 3557 1065 3636 quisque
1084 3557 1146 3616 Bas.
1166 3579 1190 3616 ι.
1204 3559 1233 3628 l.
1254 3556 1323 3617 Tur.
1346 3559 1470 3634 adfiatu
1489 3561 1570 3621 Leid.
1588 3563 1618 3622 d.
1632 3585 1716 3628 ngn,

317 3674 413 3754 plures
424 3669 512 3732 Ririi.
533 3671 647 3749 aliquot
657 3667 779 3725 Palatia.
808 3661 905 3724 strue.
925 3661 1010 3721 Rem.
1026 3682 1052 3721 r.
1083 3662 1188 3722 Franc.
1209 3661 1306 3722 Gueli.
1322 3683 1368 3724 ιι.
1390 3674 1445 3726 tres
1457 3665 1570 3726 Wassii.
1588 3667 1718 3746 polluere

316 3785 431 3836 vastum
449 3773 511 3834 Ba.
528 3774 557 3844 d.
578 3779 665 3831 mmet
688 3769 782 3848 ipsam
805 3785 906 3826 omnes
929 3763 1023 3826 cortii
1043 3764 1123 3824 libri.
1152 3764 1234 3825 Leid.
1251 3767 1271 3824 l.
1289 3787 1318 3848 g.
1333 3765 1392 3826 lul.
1407 3787 1437 3825 n.
1458 3778 1545 3827 semet
1558 3769 1621 3848 ipsu
1639 3769 1718 3832 lttvii

316 3879 383 3942 libri
396 3890 427 3938 ct
443 3877 542 3948 cebri,
561 3875 641 3934 laid.
663 3870 762 3932 Pemb.
781 3870 815 3930 B.
828 3867 900 3932 Pub.
918 3867 1114 3948 perimerunt
1142 3869 1223 3929 Leid.
1238 3873 1296 3930 c.l.
1309 3892 1348 3934 m.
1370 3869 1467 3933 Gucll.
1487 3892 1513 3930 r.
1533 3870 1601 3930 Neu.
1623 3871 1718 3932 Com·

318 3988 384 4045 mel.
406 3983 464 4048 Pal.
476 4001 504 4042 2.
523 3979 591 4062 Teg.
610 3974 845 4060 permixtum
863 3973 949 4036 Bam.
960 3972 989 4034 3.
1011 3983 1097 4035 terrac
1109 3993 1170 4034 om.
1190 3972 1253 4033 bas.
1269 3992 1295 4038 ι.
1312 3975 1344 4032 ln
1359 3972 1428 4032 Tur.
1449 3983 1516 4033 anto
1534 3984 1639 4056 etpost
1656 3985 1720 4040 ttr-

321 4105 361 4150 rtt
379 4083 492 4167 aliquid
503 4102 625 4144 erasum.
1153 4155 1156 4162 .

381 4187 451 4274 Cap.
465 4187 514 4262 da.
532 4183 690 4248 vendeure
708 4181 794 4244 Febr.
810 4181 879 4245 Vin.
895 4179 962 4242 Seu.
983 4179 1082 4245 chss.
1102 4175 1344 4259 Guelf,a.9.11.
1365 4176 1434 4238 Tur.
1456 4177 1614 4244 trabeam.
1631 4183 1721 4265 plebis

463 4316 470 4330 s
1232 4307 1273 4380 ,7
