4582 5320
1645 467 1697 544 99

400 621 605 727 Postquam
624 649 689 698 rex
711 620 824 698 [inem
848 619 1033 725 loquendi
1049 619 1162 714 fecit,
1187 621 1300 728 legati
1315 621 1511 730 Iugurthae
1526 625 1695 730 largitio-
1706 623 1742 687 ²5

299 775 347 824 ne
369 749 486 853 magis
507 775 624 852 quam
648 772 776 822 caussa
804 746 910 837 freti,
924 747 1056 850 paucis
1076 747 1324 851 respondent:
1347 748 1628 854 „Hiempsalem
1647 751 1696 826 ob

298 871 479 948 saevitiam
495 897 604 946 suam
621 871 669 946 ab
686 870 860 946 Numidis
878 870 1140 946 interfectum:
1158 871 1414 947 Adherbalem
1430 872 1534 948 ultro
1551 873 1701 948 bellumv

300 995 547 1086 inferentem,
567 1011 770 1099 postquam
785 1011 983 1099 superatus
1003 995 1073 1086 sit,
1101 996 1228 1099 queri,
1245 995 1350 1099 quod
1373 995 1557 1071 iniuriam
1576 997 1700 1074 facere

301 1119 536 1223 nequivisset.
586 1117 813 1223 Iugurtham
838 1120 887 1193 ab
907 1119 1050 1194 Senatu
1068 1135 1213 1224 petere,
1235 1145 1339 1197 nese
1358 1119 1479 1194 alium
1496 1133 1698 1225 putarent,

225 1309 227 1312 .
302 1269 346 1318 ac
374 1243 592 1318 Numantia
623 1243 796 1348 cognitus
822 1258 931 1332 esset,
963 1269 1041 1318 neu
1074 1244 1189 1318 verba
1217 1242 1364 1317 inimici
1390 1240 1604 1318 antefacta
1629 1266 1698 1317 sua

302 1371 534 1470 ponerent”
584 1355 735 1442 Deinde
766 1366 921 1468 utrique
944 1366 1050 1441 curia
1083 1365 1342 1470 egrediuntur.
1389 1367 1547 1442 Senatus
1569 1365 1699 1440 statim

302 1489 538 1564 consulitur:
565 1489 729 1564 fautores
748 1491 983 1593 legatorum,
1009 1505 1189 1592 praterea
1211 1515 1348 1591 magna
1376 1513 1463 1590 pars
1489 1488 1610 1592 gratia
1635 1486 1700 1562 de-

302 1611 706 1716 pravata‚Adherbalis
726 1612 827 1689 dicta
843 1629 1102 1701 contemnere,
1115 1611 1311 1716 Iugurthae
1327 1612 1509 1687 virtutem
1520 1611 1699 1686 extollere

304 1737 498 1830 laudibus3
515 1737 653 1841 gratia,
670 1765 778 1827 voce,
798 1738 965 1838 denique
985 1737 1164 1812 omnibus
1186 1734 1307 1810 modis
1328 1760 1399 1838 pro
1420 1735 1546 1810 alieno
1563 1733 1700 1809 scelere

304 1877 342 1936 et
361 1860 522 1965 flagitia,
542 1887 609 1936 sua
629 1862 737 1961 quasi
752 1888 823 1964 pro
840 1861 979 1964 gloria,
995 1859 1228 1934 nitebantur.
1254 1861 1304 1932 At
1320 1875 1452 1933 contra
1467 1856 1602 1961 pauci,
1616 1857 1701 1958 qui-

307 1982 375 2058 bus
390 1983 538 2058 bonum
573 1999 610 2059 et
631 2009 785 2085 aequum
805 1982 946 2060 divitiis
971 1969 1095 2060 carius
1111 2001 1208 2070 crat,
1234 1982 1546 2057 subveniundum
1557 1979 1703 2054 Adher-

312 2105 390 2181 bali
411 2123 450 2182 et
460 2107 687 2210 Hiempsalis
711 2122 874 2181 mortem
889 2131 1012 2180 severe
1030 2104 1303 2180 vindicandam
1319 2105 1530 2180 censebant.
1568 2093 1641 2177 Sed
1657 2127 1704 2178 ex

309 2230 485 2304 omnibus
504 2255 682 2305 maxume
698 2229 881 2306 Aemilius
904 2232 1085 2321 Scaurus,
1100 2229 1217 2305 homo
1235 2229 1389 2319 nobilis,
1415 2227 1597 2333 impiger,
1625 2226 1703 2300 fac-

307 2354 445 2444 tiosus,
468 2353 598 2428 avidus
614 2355 818 2457 potentiae,
840 2353 1018 2445 honoris,
1050 2353 1297 2448 divitiarum3
1330 2369 1499 2428 ceterum
1517 2351 1609 2426 vitia
1634 2375 1702 2426 sua

309 2477 446 2553 'callide
470 2476 673 2552 occultans.
726 2479 760 2552 Is
792 2493 996 2581 postquam
1016 2477 1120 2552 videt
1136 2479 1231 2580 regis
1258 2477 1500 2581 largitionem
1521 2475 1705 2550 famosam

310 2601 669 2705 impudentemque,
694 2601 858 2692 veritus,
884 2600 988 2703 quod
1007 2601 1050 2676 in
1077 2601 1145 2674 tali
1162 2627 1203 2675 rc
1218 2599 1330 2686 solet,
1350 2627 1399 2674 ne
1419 2599 1567 2703 polluta
1587 2599 1705 2673 licen-

311 2727 362 2799 tia
379 2724 565 2801 invidiam
591 2725 834 2816 accenderet,
860 2725 1036 2800 animum
1057 2753 1079 2799 a
1111 2740 1289 2801 consueta
1305 2723 1480 2798 lubidine
1503 2722 1705 2797 continuit.

305 2850 408 2924 Vicit
439 2865 565 2924 tamen
593 2849 635 2922 in
661 2851 804 2924 Senatu
822 2875 909 2955 pars
936 2849 1022 2939 illa,
1046 2876 1131 2954 quae
1149 2876 1238 2926 vcro
1262 2846 1431 2953 pretium
1456 2861 1525 2920 aut
1544 2843 1706 2947 gratiam
1719 2856 1754 2916 ι6

311 2973 551 3049 anteferebat
576 2973 784 3049 Decretum
807 2973 867 3066 fit,
880 2976 939 3050 uti
954 2976 1084 3052 decem
1093 2973 1222 3079 legati
1237 2998 1414 3078 regnum,
1428 2968 1534 3072 quod
1542 2969 1701 3073 Micipsa

389 3169 462 3252 Cap.
487 3172 533 3231 15.
569 3192 589 3230 a
609 3171 701 3231 Num.
728 3173 814 3234 Bern.
832 3196 857 3238 1.
878 3173 947 3240 Tur.
981 3173 1021 3235 At
1034 3173 1233 3235 Adherbalem
1262 3173 1368 3233 bellum
1382 3147 1522 3233 ttfam'uis
1538 3166 1713 3248 inserentem

310 3273 405 3338 Guoll.
429 3277 456 3338 5.
483 3275 615 3337 Adterb.
631 3297 697 3340 vero
718 3279 802 3344 llam.
820 3301 845 3338 ι.
866 3279 1023 3339 Vratisl.1.
1044 3278 1125 3339 Leid.
1141 3301 1166 3338 o.
1187 3287 1228 3338 est
1245 3287 1393 3359 superatio
1414 3277 1510 3336 Guels.
1526 3296 1571 3332 ιο.
1592 3271 1673 3332 Leid.
1692 3271 1711 3330 f.

310 3381 476 3460 tuquivisset
502 3381 597 3442 Cottii
618 3385 761 3444 melioret.
785 3383 923 3461 nequisset
948 3383 1069 3444 ttaverc.
1090 3403 1119 3444 se
1132 3383 1233 3442 alium
1254 3401 1283 3442 re
1304 3380 1471 3462 cantabrig.
1493 3401 1553 3442 om.
1575 3385 1644 3438 ante
1658 3395 1712 3436 sua

302 3487 392 3562 sacta
413 3486 581 3568 quindecim
601 3485 694 3548 Cortti
712 3487 790 3548 libri.
811 3486 938 3547 Beru.1.
959 3507 996 3547 ne
1008 3489 1094 3549 verbo
1113 3487 1225 3548 Fabric.
1241 3509 1264 3552 ι.
1293 3509 1335 3546 m.
1350 3507 1405 3548 sec.
1431 3486 1533 3546 Vinar.
1547 3505 1571 3550 a.
1592 3486 1672 3545 Vrat.
1688 3501 1714 3544 a.

312 3589 408 3652 Guell.
420 3612 449 3670 9.
468 3613 538 3672 pars
553 3612 613 3652 sen.
627 3601 706 3670 grat.
727 3599 842 3652 senatus
862 3611 923 3651 om.
935 3591 1019 3652 Rem.
1031 3613 1055 3652 ι.
1070 3603 1099 3652 ct
1113 3613 1146 3652 cx
1157 3591 1254 3654 Guets.
1268 3591 1338 3658 duo.
1358 3591 1475 3653 Leida.
1485 3589 1514 3651 b.
1524 3613 1548 3657 c.
1560 3591 1586 3652 k.
1596 3611 1627 3650 n.
1647 3589 1715 3650 Nat·

311 3713 370 3754 sen.
387 3715 466 3776 mog.
481 3718 512 3775 p.
533 3695 618 3757 Febr.
639 3697 734 3762 Suuv.
754 3695 857 3756 Frano.
878 3695 960 3756 Leid.
975 3717 1000 3762 e.
1014 3697 1034 3756 f.
1045 3719 1073 3778 g.
1085 3698 1105 3757 i.
1117 3698 1138 3756 l.
1160 3695 1221 3757 Bas.
1239 3719 1264 3755 t.
1286 3697 1354 3757 Tur.
1370 3697 1455 3758 Bern.
1473 3719 1497 3756 t.
1513 3697 1541 3756 3.
1563 3694 1719 3776 depravati

301 3797 423 3865 ¹fabric.
436 3820 463 3860 2.
485 3811 689 3882 contempnere
708 3799 770 3862 Bas.
790 3821 813 3859 t.
828 3799 856 3872 4,
879 3799 988 3861 laudib.
1009 3801 1109 3863 eutoll.
1138 3801 1251 3862 fabric.
1268 3824 1292 3862 1.
1319 3805 1409 3883 pauci
1424 3803 1483 3862 atii.
1509 3801 1577 3882 Teg.
1606 3798 1716 3860 laudab.

311 3902 508 3966 multitud.
528 3905 597 3966 Tur.
618 3925 671 3966 stra
688 3906 778 3984 quasi.
799 3926 853 3966 sua
872 3925 933 3966 om.
948 3906 1047 3967 lituu.
1075 3906 1171 3967 Sonat.
1189 3926 1216 3967 a.
1238 3909 1339 3967 incert.
1360 3927 1387 3967 n.
1415 3903 1513 3965 Perrh:
1542 3906 1618 3966 vidit
1637 3905 1717 3965 Leid·

312 4007 341 4081 d,
362 4007 517 4072 Fabricio.
540 4028 571 4071 re
581 4010 654 4087 fiori
673 4009 745 4072 tolet
766 4008 854 4073 lead.
875 4010 979 4072 franc.
999 4011 1059 4073 ino.
1082 4009 1179 4072 Guelf.
1196 4013 1223 4074 b.
1239 4031 1308 4094 7.9.
1328 4027 1432 4072 to.11.
1460 4010 1540 4070 Vrat.
1559 4005 1627 4073 ab.
1647 4009 1717 4070 vin.

314 4131 342 4173 e.
362 4111 425 4178 Bra.
441 4112 470 4186 f.
490 4112 561 4174 Tur.

396 4236 469 4323 Cap.
486 4239 532 4303 16.
554 4241 755 4320 anteferebant
776 4239 837 4303 Bas.
857 4263 883 4304 r.
909 4241 999 4324 legati
1014 4243 1113 4304 dacem
1132 4241 1212 4305 Vrat.
1232 4263 1257 4302 1.
1279 4241 1385 4308 Sen.1.
1415 4243 1514 4303 &cem
1534 4263 1595 4304 om.
1615 4241 1677 4305 Bas.
1694 4263 1720 4304 t.
