4582 5320
598 413 648 488 88

552 618 589 662 ιο
725 638 746 676 ,,
769 557 935 658 Parvum
963 601 1047 682 ego,
1079 569 1290 678 Iugurtha,
1320 585 1375 662 te,
1404 569 1538 644 amisso
1560 585 1687 674 patre,
1716 571 1797 648 sine
1816 595 1899 677 spe,
1921 567 2003 648 sine

598 708 757 815 opibus3
783 707 826 781 in
852 717 982 778 meum
998 723 1159 802 regnum
1172 693 1330 802 accepi5‘
1344 693 1574 769 existumans
1590 709 1670 769 'non
1690 694 1818 770 minus
1844 721 1906 770 me
1932 691 2003 768 tibi

598 861 716 939 quam
750 827 901 917 liberis,
930 824 961 899 si
992 820 1218 926 genuissem,
1245 816 1294 892 ob
1316 814 1500 891 beneficia
1523 843 1656 892 carum
1686 818 1788 912 fore3
1811 843 1937 920 neque
1959 843 2002 892 ea

598 982 655 1032 res
675 955 812 1028 falsum
833 975 895 1023 me
916 944 1064 1019 habuit.
1088 943 1186 1016 Nam
1200 940 1340 1014 utalia
1357 966 1492 1044 magna
1514 955 1551 1014 et
1571 941 1714 1046 egregie
1736 958 1800 1016 tua
1815 943 2002 1031 omittam,

596 1077 808 1178 novissume
852 1069 999 1144 rediens
1022 1064 1229 1139 Numantia
1263 1088 1399 1163 meque
1436 1088 1673 1166 regnumque
1720 1091 1848 1138 meum
1882 1065 2000 1170 gloria

595 1195 849 1275 honoravisti:
878 1209 1020 1292 tuaque
1040 1187 1181 1262 virtute
1195 1185 1306 1260 nobis
1325 1187 1513 1259 Romanos
1531 1211 1576 1258 ex
1595 1185 1725 1260 amicis
1748 1187 2002 1262 amicissumos

594 1322 740 1400 fecisti:
778 1321 821 1392 in
853 1311 1038 1417 Hispania
1071 1335 1213 1385 nomen
1236 1307 1391 1382 familia
1422 1323 1648 1383 renovatum
1672 1325 1757 1404 est:
1790 1326 2001 1412 postremo,

595 1447 700 1552 quod
716 1440 999 1518 difficillumum
1017 1435 1117 1508 inter
1138 1430 1331 1520 mortalis,
1354 1429 1474 1533 gloria
1495 1427 1680 1505 invidiam
1695 1431 1826 1506 vicisti.
1869 1433 2001 1522 Nunc,

594 1569 781 1674 quoniam
802 1561 899 1637 mihi
926 1573 1066 1634 natura
1087 1554 1204 1629 finem
1229 1553 1316 1626 vitae
1347 1550 1461 1640 facit,
1494 1577 1564 1654 per
1590 1551 1692 1627 hanc
1718 1553 1907 1644 dextram,
1932 1571 2001 1658 per

593 1692 700 1798 regni
726 1688 839 1763 fidem
864 1707 1001 1758 moneo
1027 1679 1283 1777 obtestorque,
1309 1674 1367 1749 uti
1387 1672 1472 1763 hos,
1494 1674 1562 1776 qui
1586 1675 1656 1749 tibi
1675 1702 1810 1790 genere
1842 1676 2001 1780 propin·

593 1816 682 1920 qui,
704 1806 891 1886 beneficio
916 1828 1001 1877 meo
1026 1800 1160 1875 fratres
1179 1812 1285 1887 sunt,
1313 1820 1418 1871 caros
1452 1794 1609 1871 habeas:
1630 1823 1707 1872 neu
1727 1800 1836 1872 malis
1858 1800 2000 1876 alienos

594 1938 801 2036 adiungere
824 1931 943 2030 quam
957 1923 1143 2027 sanguine
1166 1921 1390 1995 coniunctos
1412 1919 1583 1994 retinere.
1628 1923 1714 1996 Non
1735 1920 1919 1996 exercitus
1935 1949 2001 1998 ne-

593 2083 669 2164 que
690 2049 858 2160 thesauri
876 2044 1050 2151 praesidia
1075 2043 1181 2147 regni
1198 2058 1312 2131 sunt,
1332 2066 1465 2116 verum
1487 2041 1613 2133 amici,
1633 2069 1727 2147 quos
1745 2069 1871 2146 neque
1886 2045 2000 2119 armis

593 2203 745 2285 cogere,
771 2196 897 2273 neque
919 2193 1014 2242 auro
1035 2189 1326 2269 parare-queem
1353 2163 1475 2237 officio
1496 2179 1534 2238 et
1553 2162 1628 2239 fide
1647 2166 1864 2268 pariuntur.
1903 2166 1999 2264 Quis

592 2313 721 2390 autem
736 2294 895 2371 amicior
917 2316 1035 2392 quam
1050 2286 1168 2361 frater
1188 2284 1322 2360 fratri?
1349 2300 1417 2362 aut
1435 2311 1550 2388 quem
1567 2287 1738 2362 alienum
1757 2287 1880 2364 fidum
1898 2290 2000 2366 inve-

591 2427 689 2513 nies,
708 2420 740 2498 si
766 2416 840 2494 tuis
862 2412 980 2492 hostis
1003 2409 1146 2486 fueris?
1171 2408 1361 2512 Equidem
1386 2433 1454 2514 ego
1479 2410 1585 2486 vobis
1605 2437 1766 2518 regnum
1795 2411 1904 2488 trado
1929 2412 1992 2489 fin

663 2641 736 2723 Cap.
756 2662 802 2702 ιο.
820 2657 945 2719 pereum
962 2655 1015 2714 ego
1036 2633 1103 2714 lug.
1117 2629 1154 2693 ic.
1175 2631 1235 2694 hoc
1250 2631 1479 2692 ordichratisl.
1501 2631 1560 2690 inc.
1580 2630 1665 2690 Febr.
1682 2650 1708 2690 ι.
1728 2631 1798 2692 vin.
1812 2652 1838 2691 ι.
1858 2633 1954 2694 Senat.
1975 2658 1988 2694 1

587 2749 684 2810 δίων.
704 2747 809 2810 Franc.
830 2742 928 2804 Gueli.
942 2761 969 2800 2.
983 2740 1011 2799 5.
1023 2739 1052 2798 6.
1066 2760 1093 2820 7.
1109 2758 1155 2801 ιι.
1171 2757 1217 2797 12.
1235 2737 1304 2798 Boe.
1325 2734 1389 2798 Bm
1403 2757 1429 2796 r.
1450 2736 1583 2794 meliores
1598 2734 1680 2799 Leid.
1700 2736 1791 2796 Mark.
1801 2749 1829 2802 r.
1840 2749 1876 2800 Λ.
1897 2739 1995 2800 rems.

585 2875 616 2933 p.
634 2873 658 2913 c.
677 2862 699 2911 t.
710 2851 776 2932 Iug.
794 2848 890 2910 ceteri
915 2868 946 2925 p.
958 2854 979 2903 t.
992 2862 1016 2903 e.
1031 2842 1056 2902 l.
1078 2841 1163 2901 Rern.
1177 2841 1206 2911 4.
1233 2839 1390 2920 porculum
1404 2859 1457 2918 ego
1481 2848 1509 2898 te
1527 2838 1594 2918 Ing.
1620 2837 1721 2897 Donat
1735 2839 1773 2899 ed
1788 2840 1894 2902 Terent
1914 2843 2000 2907 Andr

592 2980 619 3019 1.
637 2979 663 3022 1.
676 2957 706 3016 8.
728 2973 790 3014 non
810 2971 856 3012 me
870 2949 968 3010 mutus
985 2946 1039 3006 uti
1065 2945 1163 3005 Turio.
1195 2962 1241 3003 mc
1259 2943 1370 3002 habuit.
1400 2961 1447 3002 mc
1469 2962 1531 3002 om.
1556 2941 1654 3002 Gueli.
1671 2945 1698 3004 3.
1712 2942 1740 3013 4.
1753 2944 1781 3002 6.
1809 2948 1927 3027 egregia
1946 2961 1997 3011 tua

579 3035 776 3140 sacto⁸Fabn
795 3055 911 3119 Vratisl.
930 3051 1015 3112 Rem.
1029 3071 1054 3114 ι.
1077 3048 1146 3110 Vin.
1158 3067 1185 3106 ι.
1205 3045 1275 3129 Teg,
1302 3046 1378 3106 Paris
1392 3067 1420 3105 a.
1441 3044 1545 3106 Frenc.
1564 3046 1662 3111 Senot.
1675 3066 1704 3107 a.
1723 3049 1826 3108 incest.
1840 3070 1867 3116 a.
1897 3053 1996 3116 Heme.

587 3165 685 3226 Guels.
696 3165 730 3226 ,5.
753 3182 798 3222 ιο.
820 3162 860 3220 ita
875 3177 978 3218 omnes
995 3165 1062 3216 ante
1076 3152 1211 3234 nivium.
1232 3148 1312 3212 leid.
1330 3171 1357 3210 c.
1375 3171 1400 3210 c.
1412 3152 1434 3212 i.
1447 3171 1488 3208 m.
1502 3170 1534 3212 n.
1556 3149 1626 3210 Tur.
1656 3152 1774 3232 egregio
1793 3160 1997 3234 iuosceinora
2061 3127 2066 3135 ὁ

587 3271 675 3350 pauci
703 3287 737 3326 cx
756 3265 891 3330 Cottion.
916 3258 998 3319 Leid.
1015 3278 1042 3320 a.
1058 3255 1088 3315 b.
1101 3255 1130 3316 d.
1142 3276 1171 3336 g.
1184 3253 1215 3315 h.
1257 3252 1319 3312 Bar.
1335 3253 1365 3327 4.
1393 3252 1478 3313 Bern.
1500 3275 1525 3312 ι.
1541 3253 1571 3313 ὅ.
1599 3253 1676 3314 Paris
1697 3253 1727 3314 b.
1763 3265 1792 3315 et
1809 3254 1927 3336 egregio
1946 3265 1997 3318 itta

397 3387 401 3394 ’
479 3373 487 3450 J
508 3409 510 3414 ,
547 3367 549 3372 ’
588 3371 724 3430 omittam
743 3370 840 3449 plures
855 3365 952 3425 Gueis.
980 3360 1061 3422 Leid.
1075 3363 1095 3420 i.
1109 3361 1138 3419 k.
1153 3363 1175 3419 1.
1202 3357 1287 3422 Paris.
1300 3379 1327 3418 e.
1340 3355 1371 3417 d.
1392 3355 1455 3417 Bas.
1474 3379 1500 3428 r.
1521 3356 1605 3418 Rem.
1618 3378 1645 3426 a,
1675 3359 1764 3422 Acad.
1784 3361 1881 3422 Sensi.
1900 3361 1995 3425 Siruv.

585 3470 698 3532 Aroud.
707 3471 741 3529 L.
751 3470 792 3527 11.
812 3469 941 3531 Maris.
959 3477 994 3528 Δ.
1015 3464 1100 3526 Bodl.
1119 3461 1216 3543 glorio
1234 3462 1305 3522 hon.
1324 3461 1402 3542 glor.
1423 3481 1485 3522 om.
1507 3460 1653 3523 Commei.
1674 3464 1762 3528 Pelet·
1773 3467 1798 3525 5.
1820 3475 1926 3545 tuaque
1935 3465 1997 3528 vir-

586 3585 656 3637 tute.
677 3591 811 3652 queom.
834 3571 938 3629 Frane.
959 3567 1105 3633 uuerco.
1133 3567 1216 3627 Leid.
1231 3588 1258 3632 a.
1288 3565 1420 3642 santilioe
1439 3573 1549 3626 nostros
1568 3585 1632 3626 reo.
1659 3576 1702 3628 est
1732 3569 1891 3630 duodecim
1911 3568 2013 3638 Certi,

586 3667 1319 3754 coiri.laid.d.t.g.m.n.13u.4.ltem.‚1.3.
1340 3688 1412 3728 mcoe
1432 3669 1513 3730 [eid.
1527 3671 1593 3732 uk.
1613 3678 1655 3730 en
1674 3691 1736 3732 orn.
1750 3672 1897 3736 Fabiis-t·
1917 3674 1996 3734 inter

586 3792 665 3846 mort
680 3791 731 3846 est.
752 3790 794 3840 est
815 3799 876 3836 om.
892 3773 1006 3838 Febric.
1019 3795 1045 3838 r.
1065 3770 1147 3838 Leid.
1158 3793 1185 3830 a.
1201 3771 1232 3830 d.
1243 3792 1283 3835 m.
1303 3774 1404 3831 iocum
1418 3781 1513 3834 mutat
1530 3774 1634 3834 inccrt.
1653 3795 1678 3840 ι.
1699 3776 1803 3841 Frene.
1816 3781 1914 3854 finem
1927 3779 1995 3840 viioe

584 3889 647 3952 Bas.
666 3885 732 3956 ui.
754 3887 794 3946 ita
808 3883 925 3942 Gurtcr.
938 3887 974 3938 ‚et
988 3877 1117 3940 Wmius
1133 3885 1162 3935 ct
1179 3894 1282 3934 omncs
1303 3873 1385 3934 Leid.
1405 3873 1514 3953 vitoef.
1546 3875 1628 3938 Cori.
1650 3878 1747 3944 Turio.
1757 3883 1895 3960 finfae.
1910 3903 1940 3943 v.
1962 3886 1995 3944 in

584 3995 699 4073 aliquot
712 3987 867 4048 Cottianis.
888 3985 1043 4045 merua
1062 3978 1124 4044 Bas.
1136 4001 1162 4038 r.
1183 3977 1269 4044 Bem·
1284 3977 1313 4050 A·
1326 3978 1513 4059 ¹obtestorque
1524 3989 1552 4042 te
1570 3981 1656 4046 Febr·
1684 3983 1769 4054 Rem.
1788 4005 1816 4045 ι.
1843 3986 1948 4050 insert.
1965 4003 1993 4048 r.

584 4095 680 4158 Struv,
700 4094 804 4154 Fraue.
824 4087 906 4148 Leid.
920 4107 947 4146 e.
959 4084 989 4146 t.
1004 4105 1030 4147 c.
1043 4083 1075 4152 d,
1086 4085 1106 4142 i.
1117 4081 1148 4142 h.
1161 4085 1181 4142 i.
1194 4083 1221 4148 k.
1233 4103 1274 4142 m.
1296 4082 1397 4143 Heust.
1416 4083 1532 4144 Vretisl.
1549 4084 1619 4150 1.3.
1648 4085 1744 4148 Guelt.
1760 4087 1826 4150 ui.
1839 4091 1908 4156 5.6.
1923 4114 1993 4174 7.9.

589 4218 635 4262 ro.
651 4217 696 4256 ιι.
717 4197 779 4257 Bes.
792 4193 821 4268 4.
841 4193 911 4254 Tur.
932 4209 1036 4251 memo
1049 4187 1177 4250 obtestor
1193 4197 1221 4247 to
1240 4183 1302 4249 Bas.
1315 4207 1340 4248 ι.
1367 4196 1396 4247 te
1407 4206 1468 4251 om.
1483 4190 1589 4276 reliqui
1604 4209 1641 4254 cx
1657 4189 1812 4260 Cottianis.
1833 4194 1915 4258 laid.
1927 4217 1952 4257 e.
1963 4217 1994 4279 g.

583 4305 606 4368 i.
618 4321 649 4362 u.
670 4299 784 4362 Fabrie.
803 4298 892 4364 itini.
912 4291 1046 4360 Beseld.
1066 4290 1118 4372 qui
1130 4291 1303 4378 tibigonore
1316 4290 1557 4374 propinquiorem
1582 4294 1610 4357 b.
1629 4315 1670 4357 m.
1684 4296 1785 4362 Ῑιιῐιοι
1803 4297 1904 4367 flaua.
1919 4301 1992 4364 Son.
