4542 5318
1601 389 1668 462 281

269 559 456 647 vendi-tas,
481 587 599 662 quam
620 559 847 663 turpissume
869 559 1019 664 parasti.
1063 564 1226 649 Verum,
1247 577 1293 636 ut
1313 561 1468 665 opinor,
1491 561 1673 666 splendor

269 681 513 771 domesticus,
540 683 608 756 tibi
628 681 775 757 animos
800 682 944 760 attollit
951 715 962 775 ;
986 708 1084 757 uxor
1103 683 1281 787 sacrilega
1307 711 1352 760 ac
1371 685 1550 786 periuriis
1578 687 1686 760 deli-¹

268 805 383 896 buta3
428 806 505 878 lilia
540 805 671 880 matris
708 803 854 907 pellex,
891 805 961 878 tibi
993 804 1201 880 iucundior
1240 821 1356 906 atque
1382 807 1671 908 obsequentior,

269 953 385 1028 quam
405 927 554 1028 parenti
573 952 651 1030 par
665 943 727 1001 est
752 927 923 1003 Domum
944 927 1066 1029 ipsam
1079 941 1186 999 tuam
1206 927 1243 1000 vi
1263 944 1301 1002 et
1319 928 1463 1030 rapinis
1481 929 1670 1006 funestam

268 1049 339 1124 tibi
362 1075 406 1122 ac
432 1050 506 1122 tuis
531 1049 783 1151 comparasti:
809 1047 984 1149 videlicet
1007 1048 1067 1124 uti
1090 1073 1159 1122 nos
1189 1050 1530 1139 commonefacias,
1553 1080 1671 1153 quam

266 1197 446 1244 convorsa
463 1171 513 1244 sit
538 1169 775 1273 respublica,
799 1170 954 1244 cumin
981 1195 1024 1244 eo
1051 1169 1165 1244 domo
1189 1168 1399 1261 habitares,
1422 1171 1537 1248 bomo
1554 1173 1673 1278 'ssogi-

268 1293 494 1382 tiosissume,
515 1320 602 1394 quae
619 1296 656 1366 P.
679 1293 820 1382 Crassi,
844 1293 916 1378 viri
936 1292 1162 1382 consularis,
1184 1291 1269 1368 suit
1316 1295 1441 1394 Atque
1469 1293 1552 1369 hoec
1578 1323 1672 1370 cum

268 1415 321 1490 ita
344 1415 440 1507 sint3
466 1432 592 1490 tamen
610 1439 649 1492 se
676 1417 806 1512 Cicero
831 1417 926 1490 dicit
950 1417 991 1490 in
1020 1415 1183 1490 concilio
1206 1414 1366 1490 deorum
1395 1415 1672 1492 immortalium

267 1515 402 1631 fuisse,
434 1538 525 1614 inde
551 1539 707 1614 missum
731 1539 825 1614 huic
852 1538 941 1613 urbi
964 1539 1186 1640 civibusque
1207 1537 1402 1614 custodem
1426 1540 1568 1642 absque
1589 1567 1671 1614 car-

270 1659 393 1735 nificis
410 1661 585 1750 nomine,
604 1661 673 1764 qui
698 1661 859 1737 civitatis
876 1648 1176 1750 incommodum,
1189 1661 1231 1736 in
1248 1660 1408 1765 gloriam
1419 1685 1528 1738 suam
1550 1663 1670 1765 ponit

268 1783 387 1880 Quasi
406 1808 587 1859 veronen
605 1784 708 1859 illius
721 1783 995 1862 coniurationis
1008 1809 1136 1860 caussa
1153 1783 1270 1860 fuerit
1286 1784 1504 1860 consulatus
1517 1803 1618 1878 tuus,
1632 1803 1671 1862 et

268 1905 410 1981 idcirco
421 1906 634 2009 respublica
649 1908 801 1984 disiecta
814 1936 858 1984 eo
872 1926 1049 2011 tempore,
1060 1935 1138 2009 quo
1153 1922 1189 1981 te
1199 1907 1393 1982 custodem
1401 1907 1574 1982 habebat
1588 1908 1670 1999 Sed,

268 2045 312 2103 ut
323 2029 477 2132 opinor,
489 2029 556 2103 illa
577 2046 616 2104 te
628 2031 745 2134 magis
758 2029 965 2119 extollunt,
983 2053 1069 2132 quae
1082 2029 1421 2131 postconsulatum
1435 2033 1672 2106 cumTeren·
1736 2015 1741 2025 ¹

173 2141 186 2150 ’
269 2152 319 2224 tia
343 2179 459 2238 uxore
478 2151 526 2224 de
549 2152 745 2253 republica
765 2151 1005 2270 consuluisti,
1031 2177 1121 2226 cum
1137 2150 1227 2252 legis
1241 2151 1400 2226 Plautiae
1413 2151 1553 2226 iudicia
1566 2152 1670 2228 domi

268 2272 469 2345 faciebatis:
486 2297 530 2344 ex
544 2272 750 2346 coniuratis
763 2272 856 2346 alios
868 2289 999 2361 morte,
1011 2272 1104 2346 alios
1112 2271 1671 2372 pecuniacondemnabas,cum

269 2393 339 2466 tibi
358 2393 455 2466 alius
465 2391 741 2475 Tusculanam,
764 2392 861 2466 alius
878 2392 1148 2492 Pompeianam
1169 2393 1301 2468 villam
1318 2394 1548 2485 aedificabat,
1574 2397 1671 2474 alius

269 2514 426 2590 domurn
445 2513 610 2604 emebat3
627 2512 696 2613 qui
710 2538 843 2588 verum
857 2510 958 2583 nibil
977 2527 1142 2612 poterat,
1166 2512 1197 2585 is
1217 2530 1300 2588 erat
1311 2517 1516 2592 calumniae
1530 2545 1672 2620 proxu-

268 2663 369 2726 mus,
382 2640 412 2714 is
424 2653 492 2712 aut
507 2635 666 2712 domum
682 2651 790 2708 tuam
800 2649 1072 2736 ‘oppugnatum
1087 2647 1259 2720 venerat,
1271 2649 1341 2706 aut
1356 2636 1510 2712 insidias
1522 2643 1670 2714 senatui

268 2759 425 2848 fecerat,
448 2757 679 2860 denique-de
701 2781 745 2830 eo
763 2755 832 2830 tibi
850 2771 1088 2857 compertum
1102 2771 1192 2828 erat
1218 2753 1319 2849 Quae'
1333 2756 1365 2829 si
1379 2757 1449 2830 tibi
1460 2757 1554 2832 falsa
1573 2759 1697 2842 obii-3

268 2882 345 2970 cio,
382 2883 497 2956 redde
520 2881 728 2967 rationem,
763 2893 953 2979 quantum
978 2878 1201 2979 patrimonii
1230 2878 1443 2981 occeperis,
1467 2880 1571 2980 quid
1600 2881 1669 2956 tibi

269 3004 400 3078 litibus
420 3005 640 3093 accreverit,
667 3029 743 3104 qua
766 3027 812 3076 ex
831 3000 993 3103 pecunia
1018 3003 1175 3076 domum
1189 3001 1670 3104 paraveris„Tusculanum

209 3157 213 3164 ·
267 3143 305 3200 et
325 3127 599 3227 Pompeianum
623 3124 776 3198 infinito
800 3140 957 3226 sumptu
977 3121 1245 3197 aedificaveris?
1279 3127 1375 3211 Aut,
1393 3124 1424 3197 si
1445 3124 1591 3214 retices,
1606 3127 1669 3200 cui

269 3249 434 3322 dubium
454 3264 522 3336 est,
543 3245 897 3348 quinopulentiam
913 3244 1022 3317 istam
1037 3269 1082 3317 ex
1102 3244 1286 3350 sanguine
1302 3262 1340 3318 et
1353 3246 1511 3322 miseriis
1527 3247 1669 3324 civium

269 3370 482 3472 paraveris?
505 3372 672 3456 Verum,
690 3383 736 3440 ut
756 3367 910 3468 opinor,
933 3363 1050 3437 homo
1076 3391 1195 3439 novus
1214 3368 1395 3469 Arpinas,
1420 3395 1465 3443 ex
1490 3372 1527 3444 C.
1554 3371 1668 3445 Marii

268 3493 437 3582 familia,
462 3493 542 3567 eius
560 3491 741 3565 virtutem
759 3488 956 3578 imitatum
979 3489 1190 3582 contemnit
1209 3490 1437 3582 simultates,
1462 3492 1667 3570 hominum

273 3711 345 3794 Cup.
364 3736 391 3778 a.
413 3715 527 3776 animos
544 3699 620 3775 tottii
641 3711 702 3770 Bas.
723 3712 781 3770 ine.
804 3710 888 3769 Rem.
909 3717 994 3786 utque
1008 3706 1145 3787 periuriis
1165 3708 1280 3771 Leidc.
1302 3712 1527 3774 attineretur
1546 3713 1665 3774 Leidc.

266 3818 327 3882 Bas.
349 3795 494 3879 habitores
513 3819 593 3878 Lcid.
615 3840 640 3876 c.
663 3815 741 3874 Gud.
763 3813 813 3877 Ac.
834 3815 893 3872 inc.
913 3811 997 3871 Rem.
1020 3810 1135 3871 habitos
1154 3813 1226 3872 olim
1244 3815 1366 3876 editum.
1386 3826 1484 3875 tomen
1503 3835 1533 3874 ss
1551 3813 1667 3876 Cicero.

273 3919 376 3984 Cicero
391 3922 464 3982 dicit
484 3934 608 4001 quatuor
622 3921 725 3980 corui.
746 3917 827 3982 Laid.
840 3939 866 3976 c.
891 3913 995 3976 Cicero
1014 3935 1044 3975 se
1062 3921 1161 3997 vulgo.
1181 3920 1233 3976 sed
1252 3918 1357 3996 opinor
1372 3917 1425 3976 illo
1444 3917 1572 3978 Gudinn.
1594 3921 1667 3982 ulios

270 4035 364 4086 morte
383 4046 443 4084 om.
464 4025 525 4083 Bas.
546 4037 670 4105 quatum
690 4024 770 4082 Cori.
791 4009 929 4084 Oudend.
951 4011 1053 4080 omnes
1070 4011 1197 4080 Veneta.
1230 4013 1424 4082 Tusculanum
1444 4023 1566 4102 plurimi
1584 4019 1665 4084 Cort.

272 4129 471 4206 reedificabunt
490 4127 551 4186 Bas.
570 4165 612 4178 --
635 4125 707 4206 Cap.
720 4126 748 4184 3.
761 4133 859 4202 ,potest
876 4123 997 4182 drtbium
1009 4141 1066 4180 essa
1080 4123 1139 4185 inc.
1158 4131 1250 4200 potest
1268 4141 1324 4183 esse
1335 4123 1403 4182 dub.
1426 4121 1477 4184 Ac.
1494 4123 1573 4184 Gud.
1585 4123 1666 4192 Leid.

273 4253 299 4296 c.
320 4233 369 4294 etti
383 4232 504 4292 dttbt‘um
519 4241 559 4291 nt
579 4229 640 4294 llos.
661 4249 698 4290 ex
719 4226 864 4304 sunguine
885 4235 912 4284 et
931 4223 1053 4284 turbariis
1072 4225 1112 4282 iu
1135 4221 1238 4284 vetusti
1258 4223 1372 4308 Popmre
1399 4223 1477 4286 libri.
1499 4223 1595 4290 Guelf.
1615 4229 1668 4293 Λα

1172 4345 1220 4416 56
