4570 5316
1622 398 1691 478 153

283 600 398 652 cere:
425 591 614 682 pontremo
634 593 781 655 caveret
798 574 839 652 id
858 588 985 681 petere
1004 575 1025 650 'a
1049 574 1194 680 populo
1208 575 1391 667 Romano,
1415 576 1521 680 quod
1539 577 1598 654 illi
1611 577 1696 654 iure

175 789 181 794 ¹
292 717 503 802 negaretur.
542 703 747 805 Postquam
770 698 853 774 haec
881 715 997 801 atque
1024 698 1099 774 alia
1128 696 1221 771 talia
1249 698 1365 790 dixit,
1401 726 1526 803 neque
1545 687 1696 778 animus

291 821 405 896 Marii
422 822 612 916 flectitur3
638 823 850 928 respondit,
877 822 946 897 ubi
968 819 1141 925 primum
1163 821 1346 925 potuisset
1368 849 1437 925 per
1458 825 1608 929 negotia
1625 850 1699 928 pu·

292 944 412 1038 blica,
436 946 630 1030 facttuum
644 961 744 1038 scae,
757 971 844 1050 quae
861 960 1013 1050 peteret.
1052 947 1107 1020 Ac
1127 961 1256 1048 postea
1277 945 1411 1049 saepius
1424 946 1557 1023 eadem
1570 966 1700 1052 postu·

295 1068 394 1145 lauti
420 1069 543 1148 fertur
565 1071 720 1161 dixisse,
745 1097 795 1146 ne
819 1068 1015 1144 sentinaret
1032 1065 1166 1163 ''abire3
1194 1069 1281 1146 satis
1303 1085 1452 1144 mature
1473 1069 1586 1146 illum
1610 1091 1701 1148 cu'm

295 1190 375 1268 filio
397 1219 466 1269 suo
486 1194 730 1270 consulatum
745 1193 966 1298 petiturum
996 1195 1032 1266 ls
1053 1219 1098 1268 eo
1120 1209 1289 1295 tempore
1308 1193 1562 1270 contubernio
1582 1194 1702 1298 patris

295 1315 438 1393 ibidem
464 1317 682 1410 militabat,
698 1343 820 1393 annos
846 1329 960 1390 naun
983 1313 1133 1390 circiter
1160 1315 1315 1420 viginti3
1341 1343 1427 1418 quae
1451 1343 1508 1393 rec
1532 1317 1703 1392 Marium

297 1464 387 1515 cum
410 1465 482 1545 pro
501 1438 667 1532 honore,
700 1466 816 1543 quem
838 1438 1077 1530 adfectabat,
1112 1454 1197 1513 tum
1220 1455 1354 1514 contra
1376 1441 1574 1516 Metellum
1592 1437 1705 1515 vehe·
1785 1471 1786 1476 ¹

297 1578 445 1640 menter
463 1563 696 1640 accenderat.
722 1565 779 1638 Ita
796 1561 980 1654 cupidine
996 1579 1112 1666 atque
1130 1559 1201 1654 ira,
1212 1562 1392 1668 pessumis
1412 1563 1703 1652 consultoribus,

298 1687 454 1792 grassari
468 1720 475 1760 :
502 1713 628 1790 neque
649 1687 750 1762 facto
767 1685 849 1761 ullo
868 1711 994 1788 neque
1014 1686 1118 1761 dicto
1133 1687 1347 1776 {abstinere
1372 1686 1479 1789 quod
1496 1686 1611 1762 inodo
1626 1712 1706 1760 am·

298 1807 479 1886 bitiosum
505 1809 625 1886 loret:
649 1809 808 1899 milites,
837 1808 979 1910 quibus
1001 1808 1044 1883 in
1062 1807 1235 1884 hibernis
1255 1825 1433 1912 praeerat,
1465 1808 1608 1884 laxiore
1634 1809 1707 1884 im-

299 1932 404 2036 perio
434 1959 553 2034 quam
580 1949 691 2007 antea
717 1931 887 2006 habere:
925 1929 1032 2034 apud
1059 1931 1334 2034 negotiatorcc,
1369 1957 1538 2035 quorum
1553 1957 1706 2036 magna

300 2055 510 2131 multitudo
527 2054 648 2130 Uticae
672 2069 770 2144 erat,
795 2053 997 2128 criminose
1022 2053 1199 2129 simulet
1225 2053 1426 2158 magnifice
1449 2052 1497 2128 dc
1524 2053 1626 2129 bello
1652 2054 1719 2129 lo-·

301 2177 394 2280 qui:
419 2176 579 2253 dimidia
597 2200 687 2280 pars
714 2175 900 2252 exercitus
924 2177 956 2250 ei
986 2175 1058 2252 eibi
1077 2175 1385 2280 permitteretur,
1409 2176 1542 2279 paucis
1574 2176 1709 2253 diebus

301 2299 529 2406 Iugurtham
553 2299 595 2374 in
624 2299 767 2375 catenis
783 2297 1037 2374 habiturum:
1063 2300 1112 2374 ab
1137 2299 1366 2403 imperatore
1387 2297 1562 2374 consulto
1584 2297 1705 2390 trahi,

303 2423 408 2526 quod
423 2424 540 2499 homo
557 2421 683 2496 inanis
705 2437 743 2496 et
759 2421 870 2525 regiae
888 2421 1076 2523 superbiae
1093 2420 1255 2524 imperio
1272 2420 1386 2495 nimis
1399 2421 1588 2524 gauderet
1614 2421 1712 2519 Quae

305 2547 433 2623 omnia
459 2546 536 2622 illis
563 2571 609 2620 eo
623 2553 629 2589 ³
642 2543 809 2618 firmiora
836 2541 1086 2631 videbantur,
1121 2543 1227 2644 quod
1254 2541 1511 2618 diuttunitate
1532 2541 1626 2617 belli
1655 2568 1713 2620 ree

303 2669 501 2746 familiaris
524 2681 793 2772 corruperant,
817 2681 855 2741 et
885 2664 1015 2740 animo
1046 2663 1219 2767 cupienti
1254 2663 1355 2738 nihil
1383 2663 1472 2740 eatis
1488 2663 1711 2756 testinatur.

245 2769 248 2776 ’
304 2785 397 2872 Erat
414 2791 660 2899 proetemain
680 2788 849 2866 exercitu
867 2801 997 2865 nostro
1027 2787 1194 2864 Numida
1219 2787 1399 2890 quidam,
1422 2787 1580 2866 nomine
1603 2786 1760 2866 Gau-65

305 2974 488 3037 conatlotton
501 2976 548 3036 rel
567 2971 734 3032 oemulatur
750 2968 870 3050 petcrtdi
887 2966 977 3029 lod.
1006 2969 1109 3030 incert.
1128 2968 1197 3030 Eoo.
1218 2967 1317 3029 Guell'.
1329 2967 1358 3034 3.
1374 2969 1403 3040 Α.
1418 2969 1447 3029 6.
1457 2991 1486 3050 7.
1496 2991 1526 3052 9.
1540 2989 1587 3030 ιο.
1605 2989 1651 3029 ιι.
1667 2987 1713 3030 ιι.

306 3079 386 3140 Laid.
396 3079 426 3139 d.
436 3101 464 3162 g.
475 3075 507 3136 h.
520 3076 549 3136 k.
560 3097 603 3134 ιιι.
617 3096 649 3135 n.
681 3074 783 3147 ΒΜ.
803 3073 902 3134 Turic.
929 3072 1015 3139 Bern.
1027 3096 1053 3133 ι.
1066 3073 1096 3134 3.
1116 3072 1226 3132 mirari
1239 3073 1371 3153 primrtm
1392 3073 1452 3134 ciue
1467 3093 1495 3133 c.
1526 3072 1624 3133 Guols.
1644 3094 1669 3132 ι.
1685 3091 1714 3134 2.

307 3183 396 3246 acad.
414 3184 484 3245 Vin.
504 3181 602 3242 Senm.
616 3200 643 3244 ι.
664 3181 723 3240 inc.
736 3199 764 3240 a.
783 3179 906 3238 Rama.
925 3178 1030 3239 Franc.
1053 3178 1133 3241 Vrat.
1147 3197 1174 3238 ι.
1195 3174 1314 3259 nerag.
1326 3197 1409 3237 mn.
1437 3171 1537 3236 Narar.
1566 3174 1716 3246 Commel,

309 3291 428 3350 Palatin.
443 3307 470 3348 a.
491 3295 546 3346 trca
561 3283 675 3346 Wanii.
696 3281 756 3342 Erl.
777 3301 835 3341 neu
850 3290 922 3340 tort.
933 3301 984 3361 pr.
1009 3280 1072 3340 Bar.
1091 3301 1118 3340 1.
1139 3299 1197 3340 neu
1213 3289 1276 3340 tom
1289 3277 1460 3360 etproBas.
1472 3300 1498 3339 1.
1519 3300 1608 3360 cirpea
1627 3281 1715 3341 ctiam

309 3391 410 3454 Franc.
431 3389 605 3450 Leidlum.
626 3387 783 3448 coerratici
792 3393 901 3465 peteret
921 3385 991 3444 Tur.
1013 3403 1051 3444 nc
1065 3393 1115 3443 aut
1130 3381 1163 3442 id
1184 3404 1224 3441 m.
1234 3403 1291 3444 aec.
1299 3383 1462 3464 adscripsit.
1482 3393 1570 3463 atque
1585 3383 1647 3444 olio
1667 3387 1721 3444 dr-

309 3497 354 3559 eit
373 3498 441 3558 Vin.
453 3517 479 3554 1.
500 3491 585 3558 llam.
600 3515 626 3552 ι.
645 3493 725 3553 Vrat.
736 3511 764 3550 a.
785 3499 871 3568 atquc
883 3488 957 3548 tolio
977 3487 1045 3549 Ecc.
1066 3507 1139 3546 nom
1154 3487 1178 3546 is
1191 3505 1225 3545 eo
1239 3495 1367 3567 tempore
1385 3485 1438 3548 sic.
1459 3487 1554 3553 Strui.
1575 3489 1677 3550 incert.
1690 3509 1707 3550 ι
1718 3485 1731 3553 .'

310 3601 393 3662 ilem.
410 3622 434 3660 ι.
456 3599 554 3658 Guels.
565 3598 594 3658 3.
615 3596 696 3657 Leid.
708 3595 738 3660 b.
746 3616 774 3658 c.
785 3614 869 3658 m.n.
889 3611 965 3653 unua
983 3592 1108 3672 l’opmae.
1129 3590 1162 3649 iu
1178 3591 1368 3651 comubernio
1388 3594 1476 3672 pauci
1489 3592 1575 3666 lihri;
1595 3595 1635 3652 ita
1650 3603 1720 3654 ante

215 3719 217 3726 ’
310 3705 428 3765 Riviurn
443 3703 565 3763 editum.
590 3701 649 3762 Erl.
670 3717 803 3778 cumpro
815 3697 845 3755 h.
865 3715 1004 3756 ermom.
1024 3694 1107 3756 Fabr.
1129 3697 1188 3759 Pal.
1201 3695 1229 3753 8.
1250 3694 1347 3760 Gucll.
1361 3695 1390 3754 3.
1410 3705 1473 3756 tren
1494 3693 1640 3755 Commel.
1663 3695 1731 3754 ra·-

312 3812 362 3870 lrt.
374 3809 402 3869 3.
425 3807 484 3867 Erl.
504 3805 589 3866 Bam.
604 3827 629 3864 1.
651 3823 688 3864 oc
706 3803 860 3881 magnifico
879 3801 957 3863 liivii
968 3799 1047 3859 libri.
1074 3799 1101 3859 si
1115 3799 1171 3860 eibi
1181 3799 1407 3882 permitteretur.
1427 3798 1455 3858 si
1469 3799 1502 3857 in
1517 3800 1619 3878 paucis
1636 3798 1720 3859 libus

313 3917 411 3974 locum
428 3923 538 3987 mutat,
561 3912 593 3967 iu
608 3911 722 3990 aliquot
735 3905 912 3966 editionibus
934 3915 963 3964 et
978 3902 1061 3964 Leid.
1076 3925 1117 3962 m.
1137 3905 1291 3963 omittitur.
1312 3901 1402 3961 aibisi
1419 3900 1530 3960 Leidl.
1547 3919 1624 3960 anuo
1646 3899 1721 3960 Gla-

315 4001 409 4091 reani,
427 4018 487 4078 duo
499 4017 615 4078 Wanii.
633 4011 731 4071 Turio.
745 3999 884 4070 'comum
902 4007 992 4068 tratri.
1010 4006 1116 4066 bellarm
1139 4003 1354 4066 adduntlcad.
1376 4004 1442 4066 inc:
1463 4001 1598 4064 Senatu.
1619 4001 1720 4063 licum.

316 4121 400 4182 aem.
423 4143 449 4181 1.
477 4121 581 4180 rane.
601 4119 669 4182 ι...
691 4115 788 4175 caat.
807 4115 837 4186 l.
855 4133 952 4194 9.10.
977 4091 1023 4178 1'1,
1043 4110 1243 4191 nia.a...g.
1258 4109 1284 4166 ι.
1302 4130 1342 4172 m.
1364 4107 1422 4166 nr.
1450 4105 1512 4166 aas.
1529 4107 1558 4178 ι.
1586 4105 1731 4174 um...-

319 4233 496 4308 oorruperot.
509 4227 549 4284 ita
563 4223 665 4282 Carrio
680 4217 808 4280 etMark.
820 4231 850 4284 r.
861 4228 899 4282 lt.
911 4217 987 4276 inter
1005 4214 1104 4274 linear.
1124 4211 1196 4271 Ball.
1217 4210 1302 4271 Bodl.

1277 4362 1325 4412 20
