4542 5318
586 355 660 427 266

584 528 755 634 primum
776 528 834 620 id,
848 555 992 633 quaeso,
1005 528 1217 617 considera,
1237 527 1351 630 quale
1371 525 1412 601 id
1432 525 1500 614 sit,
1525 523 1573 599 de
1589 547 1667 627 quo
1683 519 1890 598 consultas:
1911 517 1976 604 ita,

582 653 694 727 bonis
709 651 894 756 malisque
912 653 1081 742 dimotis,
1095 653 1242 756 patenti
1261 651 1322 727 via
1343 650 1393 726 ad
1415 677 1549 726 verum
1564 673 1701 752 perges.
1735 647 1814 748 Ego
1829 643 1881 718 sic
1902 640 1979 717 exi-

582 789 726 868 stum03
749 776 934 876 quoniam
947 791 1030 850 orta
1050 775 1179 851 omnia
1196 773 1407 864 intereunt,
1419 800 1495 876 qna
1508 783 1726 874 tempestate
1742 767 1831 843 urbi
1844 767 1980 839 Roma-

583 921 645 974 nae
655 895 778 972 fatum
790 897 943 976 exscidii
957 898 1186 990 adventarit,
1201 897 1296 972 cives
1309 921 1398 974 cum
1417 895 1561 972 civibus
1572 914 1710 969 manus
1726 903 1981 978 consertums3

584 1017 637 1091 ita
655 1016 811 1094 defessos
830 1035 869 1094 et
884 1022 1082 1124 exsanguis
1093 1021 1171 1126 regi
1186 1036 1254 1096 aut
1266 1019 1416 1094 nationi
1431 1018 1570 1123 praedae
1585 1017 1742 1092 futuros.
1767 1013 1890 1088 Aliter
1899 1035 1980 1084 non

583 1141 685 1217 orbis
705 1157 912 1232 terrarum,
935 1146 1059 1247 neque
1074 1159 1222 1219 cuncte
1234 1159 1360 1248 gentes
1378 1141 1631 1246 conglobata,
1646 1163 1796 1214 movere
1813 1151 1882 1210 aut
1890 1158 1981 1208 con-

582 1263 746 1340 tundere
760 1283 910 1368 queunt
920 1265 995 1342 boc
1012 1267 1224 1369 imperium.
1257 1265 1465 1340 Firmanda
1479 1265 1596 1368 igitur
1606 1280 1698 1338 sunt
1715 1278 1753 1338 et
1768 1256 1982 1336 concordiae
2005 1296 2009 1305 ·

581 1385 703 1475 bona,
721 1403 760 1462 et
774 1388 971 1464 discordie
982 1390 1083 1464 mala
1099 1387 1330 1492 expellenda.
1356 1388 1401 1463 Id
1413 1387 1466 1463 ita
1479 1387 1641 1477 eveniet,
1659 1376 1693 1460 si
1705 1399 1930 1486 sumptuum
1944 1395 1983 1455 et

581 1509 810 1610 rapinarum
833 1509 1028 1585 licentiam
1048 1511 1241 1605 demseris,
1269 1536 1349 1586 non
1375 1511 1425 1586 ad
1443 1525 1566 1586 vetera
1594 1509 1767 1583 instituta
1786 1527 1982 1594 revocans,

582 1657 669 1732 quae
686 1631 763 1706 iam
779 1633 947 1736 pridem,
961 1634 1149 1736 corruptis
1159 1631 1525 1726 moribus,ludibrio
1540 1647 1647 1724 sunt,
1664 1629 1728 1704 sed
1738 1629 1769 1703 si
1782 1653 1891 1702 suam
1901 1625 1982 1700 cni-

582 1779 658 1854 que
676 1781 757 1830 rem
768 1755 995 1832 familiarem
1008 1756 1123 1830 finem
1138 1771 1364 1859 sumptuum
1378 1755 1568 1830 statueris:
1580 1752 1765 1856 quoniam
1787 1752 1817 1825 is
1835 1749 1984 1826 incessit

582 1901 682 1964 mos,
702 1893 748 1950 ut
765 1874 939 1952 homines
955 1877 1231 1953 adulescentuli
1250 1903 1318 1954 sua
1335 1893 1451 1981 atque
1472 1876 1595 1952 aliena
1615 1899 1855 1964 consumere,
1880 1871 1980 1947 nihil

584 1996 753 2071 lubidini
775 2014 891 2102 atque
915 1999 998 2073 aliis
1021 2000 1242 2102 rogantibus
1256 2000 1462 2104 denegare,
1481 1997 1800 2102 pulcherrumum
1820 2011 1980 2100 putent:

582 2143 669 2195 cam
680 2119 862 2195 virtutem
883 2137 921 2195 et
939 2121 1245 2224 magnitudinem
1262 2121 1401 2210 animi,
1425 2119 1614 2224 pudorem
1632 2135 1748 2222 atque
1760 2119 1983 2194 modestiam

456 2267 460 2276 ·
511 2267 512 2272 ¹
582 2267 654 2344 pro
663 2241 848 2332 socordia,
856 2258 1063 2318 &tument
1090 2245 1190 2346 Ergo
1209 2244 1360 2318 animus
1376 2241 1490 2334 ferox,
1503 2270 1618 2346 prava
1631 2243 1692 2320 via
1707 2243 1901 2346 ingressus,
1913 2242 1982 2317 nbi

584 2379 763 2438 consueta
791 2391 873 2440 non
894 2369 1129 2468 suppetunt,
1154 2365 1278 2440 fertur
1301 2390 1477 2442 accensus
1502 2366 1544 2440 in
1571 2366 1689 2442 socios
1709 2365 1842 2454 modo,
1867 2363 1981 2440 modo

585 2485 626 2559 in
642 2485 739 2560 cives
755 2518 763 2558 :
788 2504 916 2562 movet
931 2489 1139 2590 composita
1158 2504 1198 2566 et
1217 2515 1274 2564 res
1296 2515 1411 2566 novas
1434 2489 1622 2565 veteribus
1642 2489 1815 2592 acquirit
1852 2487 1983 2585 Quane

583 2607 775 2684 tollendos
800 2608 1010 2685 foenerator
1036 2610 1080 2685 in
1106 2627 1316 2714 posterum,
1341 2614 1401 2689 uti
1421 2637 1506 2687 suas
1532 2612 1694 2714 quisque
1717 2637 1774 2686 res
1798 2635 1982 2687 curemus.

581 2732 641 2806 Es·
664 2755 752 2807 vera
772 2747 888 2834 atque
901 2733 1061 2837 simplex
1082 2734 1143 2810 via
1157 2751 1227 2826 est,
1253 2733 1516 2839 magistratum
1535 2736 1697 2838 populo,
1721 2761 1804 2809 non
1821 2733 1982 2809 credito-

582 2853 635 2944 ri,
649 2861 794 2958 gerere3
813 2871 852 2930 et
868 2855 1173 2961 magnitudinem
1190 2857 1310 2930 animi
1328 2857 1371 2932 in
1391 2856 1590 2960 addendo,
1615 2885 1695 2934 non
1708 2857 1895 2934 demendo
1910 2857 1982 2931 rei-

562 2978 749 3080 cpublicae
764 2978 965 3054 ostendere.
1015 2984 1141 3082 Atque
1158 3005 1224 3083 ego
1238 2979 1338 3068 scio,
1361 3005 1479 3081 quam
1496 3005 1625 3083 aspera
1642 2978 1724 3056 haee
1745 3007 1802 3056 nes
1818 2981 1861 3054 in
1876 2979 1996 3085 prinm

580 3100 682 3205 cipio
707 3101 838 3176 lutura
873 3102 944 3190 sit,
969 3102 1178 3205 praesertim
1198 3101 1260 3189 iis,
1285 3101 1411 3202 quise
1443 3101 1484 3174 in
1505 3102 1664 3177 victoria
1686 3103 1864 3178 licentius
1889 3101 1983 3178 libe·

585 3223 741 3326 riusque
759 3250 877 3327 quam
894 3225 1012 3300 artius
1035 3224 1184 3300 futuros
1205 3222 1419 3298 credebant.
1469 3222 1647 3320 Quorum
1669 3227 1700 3300 si
1722 3225 1836 3301 saluti
1858 3227 1984 3331 potius

585 3372 704 3449 mam
725 3347 894 3424 lubidini
909 3348 1100 3443 consules;
1124 3345 1284 3449 illosque
1317 3370 1462 3448 nosque
1486 3361 1525 3420 et
1543 3347 1661 3422 socios
1691 3349 1734 3423 in
1758 3375 1852 3453 pace
1874 3348 1984 3423 firma

583 3469 813 3542 constitues:
838 3471 906 3544 Sin
932 3469 1066 3546 eadem
1085 3470 1212 3545 studia
1231 3484 1405 3570 artesque
1434 3469 1623 3544 iuventuti
1647 3489 1763 3547 erunt
1788 3507 1795 3546 :
1822 3497 1882 3548 nae
1908 3473 1979 3547 ista

583 3589 729 3696 egregia
757 3604 821 3664 tua
842 3589 945 3665 fama
967 3591 1083 3668 simul
1102 3619 1192 3670 cum
1208 3594 1305 3670 urbe
1322 3595 1441 3668 Roma
1468 3593 1573 3668 brevi
1606 3585 1789 3670 concidet
1839 3599 1994 3671 Postrev

541 3774 545 3784 „
583 3739 647 3790 mo
663 3715 854 3819 sapientes
869 3714 973 3819 pacis
994 3739 1122 3791 caussa
1141 3715 1287 3791 bellum
1304 3730 1458 3820 gerunt,
1483 3714 1654 3791 laborem
1671 3743 1736 3820 spe
1756 3717 1825 3794 otii
1839 3734 1985 3794 susten·

583 3850 677 3912 tant.
725 3837 804 3912 Nisi
838 3837 946 3913 illam
976 3836 1126 3913 firmam
1150 3838 1283 3928 efficis,
1313 3837 1416 3913 vinci
1441 3865 1493 3914 an
1522 3839 1673 3931 uicisse,
1697 3841 1793 3943 quid
1808 3840 1983 3948 retulit?

584 3955 714 4056 Quare
742 3985 909 4065 capesse,
933 3989 1002 4066 per
1033 3960 1148 4052 deos,
1173 3959 1471 4064 rempublicam,
1500 3977 1539 4038 et
1565 3962 1695 4040 omnia
1730 3989 1888 4066 aspera„
1923 3962 1991 4046 uti¹

585 4155 644 4216 die
667 4157 752 4219 Fabri
771 4157 888 4220 et'Bric.
908 4167 936 4220 et
950 4179 1037 4220 conc.
1060 4157 1325 4220 emendantem-t.-
1340 4190 1382 4208 -
1405 4157 1477 4242 Cap.
1491 4161 1520 4221 6.
1547 4159 1796 4242 concordiamque
1807 4159 1981 4224 stabilivisse.

584 4277 638 4338 que
657 4281 717 4321 om.
739 4261 833 4324 Fabn'.
851 4261 1008 4323 stabilate
1027 4263 1112 4350 Eabr.
1127 4275 1155 4323 et
1167 4265 1241 4323 Eric.
1263 4296 1303 4308 -
1326 4261 1398 4342 Cap.
1414 4287 1441 4345 7.
1463 4265 1607 4343 attingere
1623 4265 1754 4345 neqztiret
1773 4265 1906 4330 Vatiesn.
1927 4285 1982 4324 ns·
