4560 5338
578 289 639 341 XIV

578 441 781 529 laudavit,
818 465 904 544 quae
934 438 1088 546 ingenio
1114 463 1244 514 rerum
1270 462 1457 515 novarum
1490 433 1734 542 cupidissimo
1757 451 1862 544 grata
1895 437 1977 514 fue-

578 580 690 656 runt,
714 582 753 641 et
777 564 819 640 iu
843 563 972 640 omnia
1003 561 1080 639 ali‘a
1110 561 1237 652 abire,
1262 589 1381 664 quam
1404 560 1594 638 librorum
1614 563 1697 638 Mss
1712 561 1977 638 auctoritatem

576 688 788 793 expendere
811 686 958 762 maluit.

572 871 577 884 .
676 815 731 888 Ne
743 813 939 886 Putsclrius
952 807 1125 911 quidem,
1149 807 1323 912 praeclari
1342 807 1485 913 ingenii
1506 807 1579 896 vir,
1591 823 1630 882 et
1643 807 1693 882 de
1711 807 1978 912 grammatico·

572 963 665 1011 rum
688 934 945 1036 antiquorum
960 929 1086 1006 studio
1107 931 1250 1035 optime
1266 931 1435 1020 metitus,
1449 957 1505 1021 ea,
1521 957 1598 1034 qua
1617 931 1832 1035 religiosum
1847 947 1977 1006 testem

531 1037 534 1046 '
568 1059 701 1149 ,necea
726 1056 923 1162 diligentia
945 1053 1061 1131 coia
1080 1053 1259 1129 iectionis
1277 1055 1437 1144 notavit,
1465 1055 1570 1157 quoa
1586 1053 1703 1157 magis
1718 1053 1982 1130 etiamnum*

571 1183 690 1272 dum,
716 1181 821 1284 quod
844 1181 963 1256 bonos
991 1175 1388 1268 librosRittershusii,
1415 1178 1627 1266 Ciacconii‚
1654 1175 1799 1252 Cuiacii
1824 1177 1976 1258 vatica-

578 1331 693 1394 num,
718 1309 972 1408 Augustanos,
995 1300 1187 1406 Bongansii
1202 1299 1375 1390 schedas,
1395 1317 1574 1406 preterea
1596 1301 1798 1406 proprium
1815 1301 1975 1394 librum,

574 1427 645 1528 qui
671 1453 778 1502 nunc
797 1443 860 1502 est
886 1425 979 1502 Bibl.
1006 1423 1287 1528 Lugdunensis,
1319 1424 1354 1500 ei
1389 1423 1431 1496 in
1466 1438 1650 1525 promptu
1683 1422 1796 1496 fuisse
1821 1439 1975 1498 constat

575 1549 700 1624 Multo
725 1549 939 1623 accuratius
961 1547 1149 1620 Gruterus
1163 1544 1317 1620 Codices
1334 1544 1583 1633 examinavit,
1608 1569 1703 1646 quos
1723 1545 1886 1649 optimos
1908 1543 1977 1621 ba·

501 1749 504 1756 ,
570 1671 663 1748 buit
688 1669 921 1744 Bibliotheca
937 1667 1128 1774 palatina,
1150 1669 1213 1743 cui
1235 1685 1317 1743 erat
1336 1667 1543 1772 prefectus.
1570 1667 1669 1742 XIV.
1692 1667 1807 1743 codd
1826 1667 1976 1772 copiam

576 1791 612 1867 ei
636 1791 911 1894 suppeditavit,
936 1791 984 1866 de
1002 1790 1142 1892 quibus
1159 1791 1309 1894 passim,
1329 1815 1415 1894 quae
1435 1806 1648 1864 memoratu
1665 1790 1780 1894 digna
1795 1791 1977 1867 videban-

572 1930 659 2002 tur,
670 1915 824 1990 notavit
851 1912 1158 1990 Commelianum
1173 1912 1269 1988 dicit
1286 1913 1365 2016 ipsa
1383 1929 1566 1988 vetustate
1578 1938 1745 2002 exesum,
1756 1913 1976 1990 Palatinum

576 2036 781 2112 Nazarium
794 2064 839 2111 ex
853 2035 1005 2140 optimis
1018 2034 1144 2122 libris,
1162 2034 1231 2136 qui
1254 2061 1375 2136 arsque
1391 2035 1442 2110 ad
1454 2035 1649 2140 Iugurthae
1662 2063 1691 2110 c.
1712 2037 1787 2112 XC
1799 2037 1974 2140 pertinet

577 2161 700 2236 Ceteri
721 2186 877 2269 prosus
901 2159 1063 2261 quisque
1079 2157 1252 2231 bonitate
1273 2157 1442 2231 numeris
1456 2159 1755 2262 distinguuntur.
1788 2161 1973 2240 Recentis-

574 2283 716 2364 simum
735 2283 813 2356 'Pal
826 2284 908 2356 xli
933 2281 1120 2385 scriptum
1139 2296 1272 2355 narrat
1293 2281 1555 2374 MCCCLV113
1587 2280 1663 2356 Pal.
1680 2283 1743 2356 IX.
1767 2281 1901 2358 litteris
1922 2307 1977 2360 esi

576 2431 615 2481 se
630 2406 813 2495 evanidis,
838 2421 876 2481 et
899 2404 1035 2510 saepius
1055 2403 1104 2477 ab
1123 2404 1198 2479 alia
1218 2429 1339 2479 manu
1357 2403 1562 2507 corruptis,
1587 2399 1893 2508 cum'scripturae
1916 2435 1977 2484 ve-

577 2528 664 2606 teris
685 2527 836 2632 vestigia
857 2553 938 2602 nou
958 2529 1103 2632 ubique
1121 2542 1265 2603 servata
1284 2527 1370 2603 sint
1405 2525 1451 2602 ld
1479 2527 1584 2630 quod
1605 2527 1728 2602 etiam
1747 2529 1903 2604 Nazario
1930 2531 1976 2604 li·

544 2731 549 2740 ,
576 2651 646 2728 hro
663 2652 810 2734 accidit
846 2651 921 2725 Pal.
936 2652 980 2724 II.
1007 2651 1109 2726 inter
1127 2649 1246 2724 aniles
1266 2649 1381 2724 refert
1396 2649 1654 2738 membranas,
1679 2648 1833 2724 Pal.·III.
1858 2651 1976 2728 inter·

573 2773 672 2848 'du-m
704 2777 802 2848 bene
823 2798 1000 2860 monere,
1026 2771 1091 2846 sed
1115 2767 1257 2844 malea
1280 2768 1551 2872 glossograpbis
1577 2787 1775 2874 acceptum
1799 2771 1901 2848 dicit.
2012 2781 2014 2789 '

639 2895 813 2996 Amplius
830 2891 1069 2995 septuaginta
1087 2889 1195 2964 libris
1210 2915 1252 2963 se
1273 2914 1385 2964 usum
1404 2915 1479 2966 esse
1491 2891 1662 2966 Wassius
1675 2893 1976 2985 confirmansed

577 3016 625 3092 d'e
642 3017 772 3120 paucis
790 3015 1002 3089 accuratius
1022 3014 1105 3119 egit
1130 3011 1279 3087 Laudat
1293 3013 1470 3088 Codicem
1483 3041 1530 3090 ex
1545 3013 1778 3092 Bibliotheca
1787 3019 1975 3094 D.Marti·

576 3141 619 3214 ni
637 3140 669 3213 ei
696 3139 886 3228 oblatum,
910 3138 951 3214 in
968 3137 1191 3214 membrana
1212 3133 1374 3239 pulchre
1391 3135 1456 3212 sed
1475 3137 1618 3212 recenti
1636 3165 1756 3215 manu
1771 3158 1977 3234 exaraturm

576 3262 699 3342 alium
716 3289 797 3338 non
810 3261 933 3336 multo
952 3261 1212 3350 vetustiorem,
1226 3257 1361 3337 litteris
1380 3261 1567 3365 scriptum
1586 3261 1823 3352 minusculis,
1846 3280 1976 3346 etma-
2086 3277 2090 3282 '

577 3384 614 3458 la
641 3411 760 3460 manu
783 3385 1067 3486 interpolatum,
1091 3409 1206 3484 quem
1225 3382 1260 3458 e'i
1274 3383 1530 3487 suppeditavit
1549 3383 1783 3462 bibliotheca
1808 3385 1973 3464 Publica.

576 3507 744 3610 Optimae
765 3524 864 3582 notae
887 3505 1043 3580 tertium
1060 3504 1176 3606 dicit,
1200 3504 1308 3578 cuius
1332 3505 1556 3607 inspiciendi
1579 3506 1730 3609 copiam
1747 3507 1781 3581 ei
1803 3505 1976 3584 fecerunt

576 3627 1065 3712 erudi.tiPemb1ochienses.
1090 3630 1271 3702 Praeterea
1287 3625 1383 3705 ,alios
1396 3626 1631 3731 duos,.pa,res
1643 3629 1815 3704 bonitate
1829 3632 1976 3734 accepit

572 3753 626 3828 ‚ab
642 3751 840 3826 Hadriano
862 3777 884 3822 a
906 3747 1016 3824 Mark
1030 3748 1163 3846 (Mario
1183 3767 1216 3825 r.
1231 3750 1286 3845 n.)
1321 3751 1565 3826 Accessertmt
1585 3749 1763 3824 lectiones
1789 3750 1975 3829 variantes

575 3900 639 3949 sex
662 3872 777 3949 Codd.
805 3872 1098 3962 oxoniensium,
1130 3873 1418 3976 multorumque
1447 3872 1613 3948 aliorum
1637 3871 1846 3966 libiorum,
1878 3901 1976 3980 quos

484 4052 488 4057 .
577 3996 789 4070 accuratius
810 4020 891 4068 non
913 3991 1115 4098 descripsit
1151 3999 1198 4072 In
1223 3997 1535 4101 prtesmntissimis
1552 3998 1975 4075 'numeratArondelia·

450 4169 456 4189 .
578 4143 696 4205 num,
720 4117 790 4218 qui
804 4117 895 4191 olim
916 4114 992 4191 fuit
1017 4115 1484 4212 Bilibaldi‘Pi'rkheimeri,
1506 4134 1625 4226 atque
1648 4119 1832 4226 Regium,
1857 4147 1972 4226 quem

576 4238 612 4313 ei
638 4238 780 4316 obtulit
802 4239 998 4318 Bentleius.
