4570 5316
576 387 652 478 204

578 577 656 640 stra
673 560 804 665 palam
820 558 982 636 transire
1000 591 1009 633 ι
1032 581 1126 650 sese,
1150 556 1210 634 vel
1225 553 1441 664 praemissis,
1468 552 1528 632 vel
1548 553 1691 632 ibidem
1713 556 1854 634 relictis
1868 558 1979 638 Mnu-

578 685 654 776 ris,
678 683 805 760 solum
824 709 915 758 cum
935 679 1042 756 Sulla
1065 681 1224 758 iturum.
1272 680 1329 755 Eu
1347 703 1423 768 res,
1447 676 1550 754 utin
1568 677 1636 753 tali
1652 680 1825 785 negotio,
1839 683 1979 784 proba·

582 823 644 900 Ιιιις
669 834 714 883 ac
734 807 863 884 statim
876 804 1055 909 profecti,
1079 803 1171 907 quia
1189 803 1238 878 de
1253 801 1457 907 improvisu
1476 798 1716 892 aesiderant,
1731 803 1851 879 dubio
1863 822 1980 911 atque

584 929 783 1004 haesitante
802 926 1009 1033 Iugurtha,
1027 925 1238 1002 incolumes
1258 940 1467 1002 transeunt
1515 923 1667 1000 Deinde
1681 927 1813 1030 paucis
1827 929 1979 1022 diebus,

519 1063 575 1124 108
584 1080 663 1156 quo
695 1053 750 1126 ire
780 1049 1045 1141 intenderant,
1071 1065 1297 1153 perventum
1327 1064 1399 1124 ert·
1440 1046 1501 1122 Ibi
1523 1073 1614 1124 ctum
1644 1048 1793 1125 Boccho
1813 1054 1979 1130 Numida

582 1175 762 1278 quidam,
773 1178 894 1277 Aspar
909 1173 1081 1261 nomine,
1103 1171 1272 1248 multum
1284 1189 1323 1248 et
1341 1171 1583 1248 familiariter
1599 1173 1752 1275 agebat:
1770 1178 1982 1277 praemissus

559 1357 564 1388 ,
582 1300 633 1373 ab
650 1296 855 1403 Iugurtha,
878 1312 1079 1400 postquam
1092 1295 1237 1371 Sullam
1257 1297 1424 1372 accitum
1443 1296 1636 1385 audierat,
1653 1311 1781 1371 oratur
1793 1315 1831 1372 et
1842 1301 1982 1378 subdu-

582 1423 619 1498 le
632 1422 871 1524 speculatum
888 1416 1025 1495 Booclri
1041 1419 1218 1495 consilia:
1240 1436 1420 1524 praeterea
1432 1421 1586 1510 Dabar,
1599 1419 1850 1523 Massugradae
1863 1423 1981 1518 lilius,

583 1571 630 1620 ex
654 1561 766 1649 gente
787 1543 1011 1632 Masinissae,
1033 1559 1203 1618 ceterum
1230 1559 1404 1616 materno
1432 1567 1568 1647 genere
1593 1542 1735 1645 impar3
1760 1569 1852 1621 num
1876 1567 1985 1653 pater

583 1668 664 1743 eius
686 1693 731 1742 ex
750 1667 967 1742 concubina
985 1681 1089 1741 ortus
1110 1681 1193 1740 erat
1200 1697 1211 1759 3
1231 1666 1369 1740 Mauro
1389 1666 1439 1741 ob
1461 1664 1604 1770 ingenii
1621 1666 1744 1740 multa
1757 1668 1860 1745 bona
1875 1697 1985 1750 canus

584 1806 836 1892 acceptusque
857 1823 865 1863 :
890 1816 1007 1892 quem
1026 1787 1196 1864 Bocchus
1217 1786 1340 1864 fidum
1352 1813 1427 1862 esse
1442 1787 1622 1862 Romanis
1637 1789 1768 1866 multis
1789 1809 1879 1869 ante
1892 1811 1985 1872 tem-

582 1913 791 2016 pestatibus
812 1903 1010 2015 expertus,
1033 1911 1140 1986 illico
1163 1909 1214 1984 ad
1236 1909 1383 1986 Sullam
1396 1909 1627 1985 nunciatum
1642 1913 1780 2004 mittit,
1806 1935 1984 2020 paratum

582 2061 660 2110 sese
678 2035 820 2124 facere,
842 2061 929 2136 quae
941 2035 1108 2138 populus
1125 2033 1319 2106 Romanus
1331 2031 1471 2106 vellet:
1498 2032 1692 2136 colloquio
1705 2035 1826 2128 diem,
1846 2039 1988 2135 locum,

586 2173 734 2260 tempus
754 2158 833 2260 ipse
856 2155 1069 2260 delegerat:
1096 2155 1270 2230 consulta
1283 2179 1359 2230 sese
1386 2156 1515 2230 omnia
1536 2181 1627 2234 cum
1653 2157 1721 2234 illo
1752 2161 1898 2268 integre
1918 2163 1987 2240 ha·

584 2280 693 2368 bere,
718 2305 797 2354 neu
816 2274 1012 2382 Iugurthae
1027 2278 1195 2383 legatum
1214 2264 1512 2383 pertimesceret,
1535 2306 1615 2384 quo
1637 2307 1695 2358 res
1708 2289 1922 2364 communis
1942 2289 2002 2362 li·-

585 2401 735 2476 centius
744 2415 953 2504 gereretur,
969 2427 1063 2477 nam
1077 2401 1126 2476 ab
1142 2401 1287 2476 insidiis
1303 2401 1385 2477 eius
1400 2401 1512 2478 aliter
1526 2430 1657 2481 cavere
1673 2408 1902 2510 nequivisse·
1916 2411 1986 2488 Sed

587 2549 655 2629 ego
683 2523 913 2628 comperior,
936 2522 1132 2600 Bocchum
1160 2524 1279 2630 magis
1311 2524 1456 2602 Punica
1487 2525 1562 2604 lide
1587 2555 1707 2634 quam
1731 2531 1782 2608 ob
1808 2558 1875 2625 ea,
1899 2561 1985 2640 quas

587 2777 661 2838 Vin.
674 2796 702 2835 a.
722 2775 803 2840 Vrat.
818 2797 845 2835 ι.
863 2795 891 2837 ι.
911 2771 1016 2848 Frena.
1036 2774 1097 2837 llrl.
1116 2776 1187 2836 Tur.
1206 2775 1310 2848 ΒΜ.
1330 2777 1398 2840 Eae.
1416 2779 1514 2842 Stare.
1532 2776 1584 2842 de.
1614 2780 1713 2845 Guall.
1725 2805 1773 2847 ιι.
1790 2784 1873 2848 leid.
1884 2789 1911 2848 k.
1931 2791 1989 2850 ali·

588 2889 662 2960 quot
674 2889 706 2939 ut
721 2879 845 2946 addant.
867 2881 986 2942 credam
1006 2899 1067 2940 οιιι.
1088 2879 1172 2962 llerg.
1200 2889 1259 2961 opt.
1265 2883 1390 2958 faronem
1407 2881 1477 2948 Vin.
1493 2905 1520 2944 1.
1541 2905 1582 2945 ιιι.
1589 2905 1637 2967 pr.
1656 2887 1742 2949 Febr.
1757 2911 1784 2950 ι.
1803 2889 1855 2954 Ae.
1874 2893 1942 2954 Seu.
1958 2915 1986 2961 a.

588 2983 689 3043 lleusr.
710 2983 777 3043 Eec.
799 2983 931 3048 caelat.
953 2985 1047 3061 suctu
1068 2985 1165 3044 reteri.
1177 2985 1270 3061 sactu
1295 3003 1357 3045 οιιι.
1376 2986 1446 3046 Tur.
1472 2987 1571 3048 medela
1589 3001 1689 3051 muru
1707 2992 1778 3059 Tur.
1805 2997 1931 3076 probate
1948 3009 1990 3068 est

586 3085 710 3152 Leidb.
723 3087 838 3152 d.l.m.
858 3085 959 3156 ΒΜ.
980 3086 1133 3148 aarum
1152 3086 1250 3147 Guelf.
1262 3087 1292 3158 4.
1313 3087 1398 3155 ilem.
1417 3093 1522 3154 Vinrr.
1534 3113 1560 3153 ι.
1582 3095 1732 3163 Publica.
1749 3098 1831 3162 Vrat.
1843 3122 1870 3162 1.
1889 3095 1990 3167 Fatue.

586 3188 638 3251 Ac.
658 3190 740 3250 Laid.
754 3211 795 3250 m.
807 3211 838 3249 n.
858 3191 900 3252 ric
913 3191 1006 3254 Marl.
1019 3202 1054 3260 Λ,
1075 3190 1338 3274 quatuorParisini.
1357 3192 1443 3256 Bam.
1464 3215 1490 3256 ι.
1509 3197 1682 3260 araturam
1701 3201 1989 3268 mensurata.

587 3291 669 3374 Berg.
688 3293 784 3360 Strur.
803 3293 884 3357 Vnt.
904 3316 932 3360 a.
953 3294 1323 3377 Guell.r.3.6.9.1o.rt.
1345 3319 1392 3360 ιι.
1412 3281 1669 3370 Leid.e.l.lr.i.k.
1695 3305 1787 3367 Merk.
1806 3321 1835 3376 r.
1863 3328 1990 3374 neeme-

588 3403 659 3455 runt
678 3395 755 3457 Edd.
768 3407 838 3460 vett.
858 3397 1030 3460 accusarint
1050 3399 1172 3463 llererc.
1192 3419 1250 3480 quo
1262 3400 1453 3464 imsnderant
1471 3403 1542 3465 Τιιι.

671 3541 745 3624 Cup.
768 3547 835 3606 108.
864 3548 988 3608 madium
1008 3549 1200 3627 'familialiter
1227 3553 1295 3615 Eae.
1327 3555 1427 3616 Guell.
1447 3578 1473 3617 ι.
1489 3559 1518 3618 6.
1535 3578 1582 3618 ιι.
1610 3557 1788 3640 spondulum
1810 3567 1864 3625 ele.
1893 3557 1989 3626 Codd.

589 3667 677 3729 quam
700 3650 825 3712 maxime
840 3653 972 3722 variant,
992 3657 1043 3713 alii
1062 3658 1226 3734 speculator
1238 3661 1340 3741 legunt
1347 3699 1360 3733 ,
1377 3661 1429 3721 alii
1446 3661 1540 3732 rarat,
1553 3671 1692 3734 venerat,
1711 3662 1850 3723 audurae
1866 3663 1990 3726 addunt.

587 3761 786 3815 mater-nata
803 3763 869 3816 erat
889 3758 993 3816 Frenl.
1013 3757 1110 3821 Strur.
1130 3747 1220 3821 dead.
1241 3761 1338 3823 Guell.
1351 3763 1418 3835 nd.
1432 3784 1478 3831 ιι.
1498 3765 1651 3849 leidag.
1664 3765 1695 3826 h.
1708 3767 1865 3833 d.e.rn.n.
1885 3769 1944 3836 Pal.
1962 3771 1991 3831 5.

588 3857 616 3918 t.
638 3858 751 3924 Aroud.
770 3856 867 3920 Turie.
887 3859 950 3920 llas.
963 3863 993 3932 l.
1013 3872 1219 3924 meter-orla
1232 3876 1298 3925 erat
1316 3869 1420 3933 Vinar.
1439 3869 1536 3936 Senat.
1549 3889 1578 3932 ι.
1599 3871 1700 3932 lleurs.
1719 3873 1780 3933 ine.
1796 3892 1823 3934 a.
1844 3855 1942 3934 Guelt
1959 3899 1988 3958 7.

498 4025 501 4032 ,
586 3960 667 4022 Leid.
679 3961 707 4022 k.
729 3961 863 4044 Palat.7.·
875 3962 960 4028 Bem.
974 3969 1036 4030 nt.
1059 3977 1233 4058 nempnter.
1253 3989 1325 4030 nam
1344 3989 1405 4032 om.
1425 3973 1494 4039 Seu.
1510 3994 1538 4036 2.
1558 3975 1658 4037 lleurr.
1667 3978 1988 4054 fldumeaseesmm.

586 4061 690 4126 Fraus.
711 4065 792 4126 leid.
807 4088 848 4129 m.
869 4077 940 4130 ente
960 4069 1077 4132 Gruteri
1087 4073 1228 4158 meliores.
1250 4073 1350 4147 ΒΜ.
1370 4086 1459 4138 amsa
1480 4077 1574 4140 Curtii
1584 4081 1662 4143 libri.
1683 4081 1762 4143 atto
1782 4102 1845 4142 om.
1864 4082 1950 4144 Bam.
1962 4105 1987 4150 ι.

586 4169 629 4227 ad
640 4165 755 4228 Sullam
768 4172 906 4232 nuntium
924 4175 1005 4234 Vrat
1017 4195 1042 4234 1.
1064 4176 1207 4255 delegem
1225 4178 1297 4242 vin.
1311 4200 1336 4238 ι.
1356 4178 1469 4243 Fabrie.
1480 4203 1507 4242 ι.
1527 4183 1660 4247 (lualid.
1669 4207 1698 4266 9.
1719 4187 1853 4248 ermello
1872 4186 1986 4254 Fabrie.

589 4289 616 4332 ι.
637 4269 705 4332 san.
718 4292 745 4333 ι.
765 4294 806 4334 m.
816 4295 862 4356 pr.
875 4296 903 4337 a.
924 4277 993 4340 vin.
1008 4298 1035 4344 ι.
1057 4279 1156 4343 lleuss.
1176 4281 1449 4350 Struv.llrrt.1.d.
1469 4286 1568 4356 Guell.
1578 4288 1607 4351 3.
1616 4289 1646 4362 l.
1656 4311 1686 4371 9.
1707 4287 1828 4352 Palatia.
1844 4293 1987 4352 melioret.
