4570 5316
1595 403 1664 502 159

262 576 307 672 tis
326 575 544 672 Bomilcaris
569 575 688 650 verbis
710 576 835 680 primo
858 576 1151 667 cura,'deinde,
1175 577 1234 652 uti
1254 605 1397 684 aegrum
1418 581 1593 657 animum
1608 607 1665 658 so·

259 698 326 792 let,
351 725 505 774 somnus
528 699 638 804 cepit.
678 701 772 774 Erat
797 699 832 775 ei
857 699 1022 778 Numida
1048 699 1207 803 quidam
1227 703 1466 810 negotiorum
1488 721 1665 797 curator,

258 821 356 897 fidus
376 839 628 927 acceptusque
651 840 690 897 et
710 821 885 899 omnium
907 822 1171 913 consiliorum,
1197 823 1270 899 nisi
1294 826 1519 918 novissumi,
1545 822 1666 932 parti-

257 971 350 1050 ceps.
385 945 465 1042 Qui
483 959 687 1050 postquam
710 944 855 1020 adlatas
876 945 1003 1020 literas
1022 946 1171 1022 audivit
1192 931 1294 1024 etex
1314 952 1590 1027 consuetudine
1605 981 1665 1029 ra·

257 1084 316 1143 tus
341 1095 455 1173 opera
484 1084 553 1143 aut
582 1067 735 1174 ingenio
756 1095 825 1145 suo
860 1096 954 1176 opus
978 1095 1071 1160 esse,
1097 1071 1139 1144 in
1169 1071 1461 1147 tabernaculum
1489 1073 1663 1150 introiit:

255 1191 466 1267 dormiente
493 1191 561 1266 illo
583 1192 798 1297 epistolam,
822 1219 937 1299 super
957 1209 1074 1299 caput
1088 1193 1130 1267 in
1147 1193 1309 1298 pulvino
1332 1211 1470 1270 temere
1490 1199 1662 1298 positam,

253 1316 371 1429 sumit
394 1342 439 1389 ac
465 1314 644 1420 perlegit:
668 1315 759 1391 dein
788 1343 969 1422 propere,
994 1317 1153 1422 cognitis
1179 1317 1343 1408 insidiis,
1370 1319 1419 1396 ad
1434 1347 1559 1426 regem
1575 1351 1662 1428 per-

254 1439 316 1544 git
347 1437 553 1528 Nabdalsa,
572 1455 659 1541 post
680 1438 814 1544 paullo
834 1455 1089 1545 experrectus,
1116 1439 1184 1515 ubi
1211 1467 1337 1546 neque
1355 1443 1553 1546 epistolam
1578 1433 1662 1553 rep-

254 1561 354 1665 perit
380 1577 419 1635 et
439 1589 520 1637 rem
542 1589 713 1652 ornnem,
740 1561 798 1636 uti
828 1579 910 1638 acta
933 1581 1034 1654 erat,
1062 1563 1076 1661 (
1084 1590 1130 1639 ex
1144 1565 1338 1680 perfugis)
1365 1570 1567 1673 cognovits
1583 1571 1662 1675 pri·
1752 1661 1755 1667 ¹

254 1711 317 1760 mo
341 1683 510 1761 indicem
539 1685 715 1789 persequi
745 1701 926 1778 conatus,
950 1703 1152 1790 postquam
1183 1687 1224 1762 id
1244 1687 1383 1765 frustra
1406 1689 1500 1783 fuit,
1524 1695 1659 1798 Iugur-

212 1809 213 1812 ’
254 1806 360 1882 tham
378 1807 559 1912 placandi
589 1809 710 1914 gratia
736 1797 901 1902 accedit3
937 1809 1056 1901 dic'it,
1075 1837 1162 1914 quae
1187 1810 1266 1916 ipse
1291 1814 1496 1917 paravisset
1520 1816 1660 1910 facere,

252 1929 411 2034 perfidia
434 1931 582 2007 clientis
602 1931 661 2006 sui
686 1947 903 2038 praeventa:
932 1931 1151 2008 lacrumans
1181 1936 1393 2012 obtestatur
1411 1964 1480 2042 per
1499 1941 1660 2016 amiciti-

237 2082 316 2129 ·am
335 2082 479 2158 perque
505 2081 572 2130 sua
604 2069 716 2132 antea
742 2052 906 2129 fideliter
924 2070 1027 2145 acta,
1050 2081 1100 2130 ne
1122 2057 1329 2160 supersali
1351 2059 1488 2136 scelere
1511 2088 1661 2168 suspec-

254 2194 336 2254 tum
351 2203 427 2254 sese
444 2177 610 2253 haberet
662 2177 722 2252 Ad
739 2204 782 2252 ea
799 2203 864 2252 rex
882 2177 1015 2269 aliter,
1031 2194 1147 2281 atssue
1162 2179 1297 2254 'animo
1317 2181 1486 2285 gerebat,
1509 2185 1722 2288 placide72÷

251 2301 453 2405 respondit.
504 2301 713 2376 Bomilcare
735 2301 895 2402 aliisque
912 2299 1061 2391 multis,
1080 2327 1175 2404 quos
1195 2303 1313 2378 socios
1329 2303 1556 2382 insidiarum
1573 2336 1661 2415 cog-

250 2440 425 2514 noverat,
450 2423 676 2511 interfectis,
695 2421 793 2496 imm
812 2439 1046 2526 oppresserat
1068 2455 1077 2495 ε
1103 2451 1252 2526 nequa
1277 2451 1324 2500 er
1348 2453 1392 2500 eo
1424 2432 1575 2532 negotio
1603 2456 1658 2508 se-
1737 2479 1738 2482 =

248 2546 342 2623 ditio
375 2545 548 2622 oriretur.
598 2548 729 2647 Neque
757 2560 842 2647 post
877 2544 917 2619 id
947 2543 1120 2620 locorum
1155 2545 1351 2650 Iugurthae
1377 2548 1458 2624 dies
1483 2569 1551 2626 aut
1579 2581 1663 2631 nor

248 2667 328 2745 ulla
354 2655 600 2772 quieta'fuit:
626 2693 751 2770 neque
775 2655 882 2757 loco,
912 2693 1036 2771 neque
1055 2669 1219 2744 mortaliv
1232 2669 1415 2772 cuiquam
1431 2689 1499 2745 aut
1513 2691 1655 2779 tempo-

249 2791 282 2867 ri
315 2795 403 2868 satis
433 2791 613 2868 credere:
638 2792 728 2867 civis
759 2791 960 2894 hostesque
984 2793 1089 2866 iuxta
1115 2807 1285 2867 metuere
1310 2793 1655 2900 :circumspectare
1754 2894 1758 2905 Ι

247 2917 385 2992 omnia.
399 2934 437 2992 et
453 2917 559 2993 omni
576 2913 740 3022 strepitu
758 2943 974 3022 pavescere:
1002 2916 1078 2992 alio
1102 2935 1217 3019 atque
1234 2917 1311 2992 alio
1331 2914 1415 2991 loco
1437 2944 1534 3024 soepe
1563 2951 1654 3001 con·

247 3104 283 3149 us
301 3088 645 3152 Fabric.1Bas.1.,llcod.
665 3091 737 3151 Vin.
749 3110 775 3149 r.
794 3089 944 3150 lisuino.
957 3111 982 3156 1.
1002 3087 1099 3150 Guell.
1110 3085 1139 3148 6.
1150 3111 1179 3170 9.
1193 3110 1239 3149 rr.
1260 3091 1395 3150 meliores
1406 3087 1546 3153 Gruteri..
1555 3098 1654 3174 plures

244 3193 338 3256 Risit:
351 3193 440 3254 elium
456 3213 494 3254 es·
510 3193 743 3255 consuet-ilem.
760 3193 927 3258 &introiit
943 3193 1047 3258 Basr.
1069 3191 1181 3255 Fabric.
1194 3215 1219 3253 r.
1241 3193 1376 3274 Guels.9.
1394 3193 1528 3256 Remu.
1546 3203 1574 3262 3.
1603 3200 1667 3260 1⁶12..

243 3297 342 3361 coivit
361 3299 473 3360 Fabric.
487 3317 514 3358 a.
533 3299 600 3360 Ecc.
627 3299 724 3358 Guell.
736 3299 808 3359 5..6.
825 3313 919 3379 7.,1o.
937 3318 983 3356 ιι.
1000 3319 1045 3358 ra.
1068 3299 1138 3358 vin.
1165 3299 1216 3359 Ac.
1247 3299 1342 3364 Struv.
1363 3301 1423 3361 inc.
1444 3300 1528 3363 Rem.
1548 3304 1653 3370 Franc.

243 3403 347 3464 introit
371 3405 432 3464 alii.
453 3404 577 3485 repperit
597 3403 697 3468 llasr.
716 3411 782 3484 post
799 3402 902 3482 purello
920 3401 1030 3466 Rivius·
1060 3402 1106 3462 uti
1125 3411 1195 3462 actu
1214 3405 1316 3463 incest.
1331 3421 1360 3463 π.
1387 3423 1425 3463 ex
1439 3403 1572 3485 perfugis
1591 3423 1652 3462 om.

243 3507 335 3569 Mul.
351 3520 386 3571 Λ.
415 3527 453 3568 eu
467 3509 577 3569 scurris
597 3507 694 3568 Guell.
711 3507 741 3567 5.
760 3527 798 3567 ec
811 3506 905 3568 ¹struis
920 3507 1047 3568 Palatd.
1069 3507 1150 3566 leid:
1165 3529 1191 3568 c.
1207 3509 1235 3568 k.
1256 3507 1341 3568 Bern.
1358 3529 1384 3568 ι.
1406 3517 1539 3590 apertus
1551 3505 1653 3574 Norat·

241 3612 344 3693 gratia
355 3613 473 3673 accessit
491 3614 603 3678 vur.
622 3610 776 3690 dicitque
791 3613 858 3692 ι’ρκ.
879 3609 953 3671 droit
966 3629 1028 3670 om.
1042 3611 1180 3678 θιιοΙ-ἲα.
1197 3612 1367 3692 perardua.
1384 3615 1491 3692 socero
1512 3634 1573 3673 om.
1593 3611 1652 3674 hoc

243 3721 321 3778 loco.
334 3716 405 3776 Tur.
427 3715 539 3779 Febris.
551 3738 576 3776 1.
586 3713 694 3776 Guell.
706 3715 736 3776 ὅ.
757 3717 1092 3797 quissimus-prevento.
1109 3725 1290 3796 possum
1304 3715 1472 3792 iucarn'o,
1487 3717 1536 3778 cui
1549 3731 1652 3776 omues

241 3821 440 3904 Leidsprreter
456 3822 477 3886 l.
498 3821 634 3884 accedero
646 3821 793 3882 ridentur.

324 3947 397 4032 Cap.
408 3971 457 4033 7²·
475 3959 540 4032 post
554 3949 587 4009 id
604 3948 790 4029 mgotiorum
806 3949 888 4010 Leid.
904 3946 935 4009 d.
953 3971 978 4014 e.
995 3969 1035 4014 m.
1051 3965 1083 4009 n.
1113 3945 1283 4010 Rittershus.
1301 3947 1384 4009 libor.
1394 3947 1535 4012 lM-r.
1554 3947 1650 4009 Stmv.

239 4053 325 4118 Rern.
339 4077 365 4115 1.
385 4055 489 4116 l’ranc.
510 4053 606 4114 Guell.
619 4054 650 4128 4,.
663 4076 708 4118 rr.
730 4053 830 4126 Busa.
850 4063 937 4133 atque
949 4053 1052 4113 ammo
1068 4053 1187 4114 heberet
1206 4049 1518 4112 Guelf.6..acam'mo
1531 4049 1652 4111 tatem
1740 4101 1742 4106 .

241 4157 302 4226 Bas.
313 4161 342 4231 4.
371 4180 459 4239 quom
473 4157 575 4218 auimo
589 4157 709 4216 haberet
732 4157 815 4218 Leid.
825 4157 857 4216 d.
876 4157 1071 4236 qulelssurrs
1100 4155 1197 4222 aaut.
1214 4162 1243 4220 ὅ.
1262 4166 1328 4217 erat
1339 4155 1425 4216 Bern.
1438 4177 1463 4216 u
1474 4155 1543 4234 ficit
1562 4157 1649 4218 ueteri

240 4262 319 4329 libri.
339 4263 412 4326 cives
425 4263 573 4340 hostesque
592 4264 640 4322 ita·
648 4243 771 4342 plurimi
786 4260 864 4319 litrt.
884 4260 954 4322 cion
967 4260 1116 4337 doumque
1133 4259 1196 4319 Bas.
1212 4279 1238 4325 r.
1258 4258 1328 4342 Τις.
1348 4259 1423 4322 cives
1435 4259 1530 4322 hostes
1549 4260 1653 4323 Guoll.⁵

244 4387 271 4428 r.
290 4368 349 4430 inc.
360 4387 389 4434 2.
409 4365 582 4429 rivolorto
601 4363 752 4424 Commel.
768 4373 895 4446 quatuor
904 4363 1019 4429 wanti.
1049 4361 1110 4424 alio
1125 4369 1212 4443 arque
1225 4362 1288 4426 alio
1302 4363 1376 4426 loeo.
1398 4373 1485 4446 atque
1495 4365 1557 4428 olio
1586 4385 1656 4428 om
