4570 5316
656 440 730 512 216

652 631 794 695 cuncta
820 639 957 692 scaevus
986 614 1053 687 iste
1074 607 1276 696 Romulus,
1303 605 1411 708 quasi
1433 603 1482 679 ab
1498 603 1661 680 externis
1678 622 1805 708 rapta,
1832 621 1951 694 tenet,
1977 631 2057 681 non

655 757 714 816 tot
747 740 982 815 exercituum
1011 733 1140 821 clade,
1165 757 1290 832 neque
1314 729 1518 804 consulum
1552 744 1601 802 et·
1616 728 1781 803 aliorum
1814 729 2060 832 principum,

655 849 750 968 quos
782 863 938 936 fortuna
973 858 1066 933 belli
1095 871 1407 956 consumpserat,
1432 853 1613 941 satiatus;
1634 850 1700 926 sed
1725 869 1808 926 tum
1839 851 2060 940 crudelior,

655 1013 777 1090 quum
807 984 1009 1087 plerosque
1041 978 1215 1054 secundae
1251 1001 1308 1051 res
1350 976 1392 1049 in
1422 975 1703 1048 miserationem
1731 1001 1776 1049 ex
1804 975 1862 1048 iro
1893 991 2060 1048 vortunt

655 1110 765 1206 Quin
785 1107 886 1181 solus
901 1105 1096 1190 omnium,
1122 1117 1207 1204 post
1223 1099 1447 1174 memoriam
1467 1097 1688 1186 bominum,
1713 1097 1901 1200 supplicio
1922 1097 1964 1172 in
1978 1113 2061 1199 post

654 1227 803 1306 futuros
833 1227 1078 1330 composuit.
1117 1223 1202 1325 quis
1233 1223 1339 1326 prius
1374 1221 1515 1296 iniuria
1550 1248 1669 1322 quaun
1704 1221 1781 1296 vita
1808 1237 1910 1295 certa
1937 1237 2060 1296 esset:

654 1355 962 1466 pravissumeque
988 1375 1055 1488 per
1078 1347 1226 1422 sceleris
1249 1344 1529 1418 immanitatem
1560 1341 1690 1418 adhuc
1712 1358 1817 1417 tutus
1842 1343 1943 1435 fuit;
1967 1343 2060 1418 dum

654 1505 736 1567 vos,
750 1494 855 1552 metu
869 1473 1049 1578 gravioris
1062 1469 1221 1559 servitii,
1242 1495 1263 1541 a
1283 1467 1493 1570 repetunda
1511 1466 1686 1541 libertate
1700 1465 1903 1540 terremini.
1941 1469 2062 1570 Agen-

654 1603 750 1678 dum
766 1617 900 1718 atque
903 1597 1054 1671 obviam
1078 1580 1250 1667 eundum
1282 1606 1353 1678 est,
1380 1589 1568 1686 Quirites,
1584 1615 1634 1662 ne
1658 1586 1779 1690 spolia
1804 1605 1921 1662 vestra
1948 1616 2061 1733 penes

654 1725 864 1800 illossiut:
900 1747 980 1794 non
1011 1711 1286 1820 prolatandum
1325 1738 1450 1813 neque
1485 1711 1579 1784 votis
1607 1709 1778 1812 paranda
1804 1711 1963 1806 auxilia,
1989 1713 2060 1787 ιιίιί

636 1849 751 1926 ,forte
770 1844 941 1949 speratis,
969 1838 1153 1916 taedium
1143 1864 1220 1912 ram
1241 1852 1310 1910 aut
1329 1833 1517 1939 pudorem
1538 1833 1752 1936 tyrannidis
1772 1831 1886 1908 Sullae
1912 1861 2002 1925 esse,
2022 1853 2058 1910 et

655 1995 744 2044 eum
758 1992 828 2070 per
845 1965 963 2039 scelus
982 1975 1166 2062 occupata
1185 1952 1432 2060 periculosius
1455 1955 1710 2030 dimissurum
1760 1962 1810 2030 At
1829 1958 1894 2034 ille
1912 1984 1957 2033 eo
1975 1986 2062 2062 pro-

656 2091 778 2178 cessit,
804 2087 863 2163 uti
882 2084 984 2161 nihil
999 2079 1225 2206 gloriosum,
1252 2079 1325 2154 nisi
1344 2096 1495 2170 tutum,
1520 2097 1558 2155 et
1573 2079 1702 2154 omnia
1720 2081 1928 2156 retinendae
1942 2082 2062 2157 domi-

653 2211 824 2292 nationis
846 2208 1006 2282 honesta
1028 2220 1208 2280 aestumet
1259 2207 1394 2305 Itaque
1415 2204 1482 2278 illo
1506 2205 1612 2306 quies
1634 2221 1671 2278 et
1695 2205 1824 2279 otium‘
1840 2232 1930 2280 cum
1951 2204 2063 2281 liber·

659 2352 748 2426 tate,
765 2359 852 2454 quae
870 2331 984 2405 multi
1004 2329 1115 2432 probi
1132 2329 1260 2432 potius
1279 2355 1397 2430 quam
1411 2327 1631 2403 laborem
1601 2356 1691 2403 cum
1709 2326 1920 2404 honoribus
1938 2357 2063 2434 capes-

657 2459 813 2546 seham,
840 2453 948 2529 nulla
971 2467 1069 2525 sunt.
1121 2452 1204 2525 Hac
1231 2469 1449 2553 tempestate
1474 2453 1723 2528 serviundum
1747 2470 1815 2526 aut
1844 2453 2062 2556 imperitan-

658 2565 782 2656 dum·
819 2574 1020 2653 habendus
1049 2587 1171 2650 metus
1202 2590 1256 2648 est
1279 2586 1348 2649 aut
1366 2574 1587 2664 faciundus,
1609 2575 1786 2687 Quirites.
1835 2578 1951 2667 Nam,
1971 2579 2062 2688 quid

656 2703 788 2778 ultra?
814 2725 944 2802 quaeve
968 2695 1139 2773 humana
1161 2714 1365 2800 superant,
1386 2713 1455 2773 aut
1475 2697 1605 2773 divina
1630 2681 1832 2802 impolluta
1853 2705 1972 2776 sunt?
1997 2729 2063 2805 po·

653 2827 772 2930 pulus
785 2825 991 2910 Romanus,
1012 2818 1145 2924 paullo
1165 2835 1254 2894 ante
1269 2821 1442 2924 gentium
1460 2820 1697 2912 moderator,
1721 2841 1872 2900 exsutus
1896 2825 2064 2930 imperio,

652 2949 797 3053 gloria,
822 2947 927 3033 iure,
953 2942 1123 3048 agitandi
1143 2942 1254 3046 inops
1275 2942 1564 3048 despectusque,
1590 2973 1639 3020 ne
1661 2937 1809 3022 servilia
1826 2949 1982 3051 quidem
1997 2951 2064 3026 ali-

657 3087 786 3148 menta
806 3068 954 3171 reliqna
972 3065 1096 3141 habet.
1147 3065 1344 3140 Sociorum
1368 3067 1406 3140 ιι
1428 3069 1527 3143 Latii
1551 3095 1687 3174 magna
1703 3069 1781 3162 vis,
1802 3071 1972 3176 civitate,
1995 3101 2063 3176 pro

657 3194 790 3270 multis
817 3209 856 3268 et
875 3190 1029 3300 egregiis
1048 3189 1156 3264 factis
1187 3215 1208 3262 a
1232 3185 1464 3278 vobisdum,
1488 3213 1702 3294 perunum
1722 3191 2004 3296 prohibentur:
2029 3215 2065 3272 et

655 3319 780 3422 plebis
801 3311 967 3392 innoxiae
986 3313 1127 3418 patrias
1144 3311 1246 3390 sedes
1269 3333 1500 3416 occupavere
1507 3316 1622 3418 pauci
1639 3317 1838 3408 satellites,
1856 3321 2063 3399 mercedem

660 3439 854 3514 scelerum.
879 3441 1009 3540 Leges,
1029 3434 1190 3525 iudicia,
1216 3434 1415 3524 aerarium,
1429 3438 1655 3540 provincie,
1677 3465 1777 3546 reges
1803 3469 1916 3545 penes
1932 3471 2067 3534 unum,

656 3559 828 3664 denique
860 3557 961 3636 necis
996 3558 1155 3638 civium
1172 3574 1210 3634 et
1236 3560 1323 3635 vitae
1358 3559 1521 3638 licentia.
1568 3563 1690 3638 Simul
1720 3563 1909 3642 hrunanas
1929 3567 2066 3646 hostias

660 3759 811 3826 Putschins
826 3757 936 3822 laudat.
966 3758 1017 3838 qut
1033 3757 1246 3820 dominationis
1266 3777 1324 3820 sitae
1343 3759 1437 3820 Vatia.
1457 3745 1543 3823 Faltr.
1563 3747 1639 3826 llrio.
1666 3771 1799 3829 mercede
1819 3771 1892 3830 olim
1909 3724 2064 3853 legebatur.

656 3869 796 3936 liberalite
810 3864 910 3926 Giacc.
929 3883 1037 3926 scoevus
1051 3863 1103 3924 ἰιιι
1117 3863 1155 3922 R.
1177 3863 1275 3924 Vatlc.
1295 3865 1374 3926 Serv.
1394 3865 1475 3948 Virg.
1488 3866 1589 3951 Eclog.
1602 3869 1641 3944 ὅ,
1657 3873 1703 3934 13.
1714 3873 1765 3933 scd
1775 3877 1861 3934 enam
1872 3897 1922 3958 ap
1913 3877 2064 3940 ‚Serrium

657 3975 749 4039 multi
765 3970 834 4031 libri
842 3979 938 4035 ιωιιιι
954 3967 1101 4030 exhibent.
1128 3965 1282 4031 consulum
1291 3966 1384 4030 vatic.
1409 3963 1489 4028 Coss.
1503 3970 1588 4032 Fabr.
1606 3973 1681 4036 Bric.
1703 3979 1853 4056 tulusfnit
1872 3999 1976 4041 omnes
1988 3981 2064 4044 libri

652 4076 736 4156 furit
750 4075 853 4136 Carrio
871 4073 1047 4136 emendarit.
1065 4070 1125 4152 Ag.
1137 4103 1157 4122 -
1169 4079 1219 4132 ιιι.
1240 4069 1349 4131 Donat.
1370 4070 1408 4131 ad
1422 4071 1513 4134 Andr.
1540 4097 1574 4149 1,
1596 4079 1631 4149 5,
1652 4097 1699 4140 ιο.
1717 4101 1804 4161 penos
1826 4083 1891 4143 illos
1909 4088 1950 4144 ita
1967 4105 2066 4148 omnes

641 4181 740 4248 ,libri
757 4179 890 4258 pertoed.
904 4197 960 4258 per
980 4197 1041 4237 orn.
1051 4173 1136 4239 Febr.
1148 4174 1223 4239 Bric.
1240 4173 1334 4237 Vane.
1355 4177 1526 4258 tyrannidis
1539 4167 1629 4240 Sulla
1640 4200 1698 4244 csse
1716 4167 1757 4244 ila
1774 4185 1858 4247 Fabr.
1878 4188 1952 4256 Bric.
1973 4189 2064 4254 Velie.

662 4293 691 4346 ct
703 4284 875 4346 arnovius.
897 4281 1020 4346 ιοιιιιιιι
1033 4289 1162 4346 eduma
1172 4300 1274 4344 omncs
1287 4279 1365 4344 libri.
1387 4281 1528 4362 αςιιιιιιιι·
1540 4284 1625 4371 inops
1641 4289 1682 4350 ita
1697 4289 1790 4356 Vatis.
1806 4301 1835 4354 οι
1849 4289 1941 4356 Com.
1956 4294 2065 4360 trono
