4582 5320
1657 405 1709 498 49

305 587 407 659 erat,
441 570 668 669 (dubitans)
695 571 738 646 in
764 596 944 646 maxumo
963 568 1101 646 scelere
1127 571 1242 648 tantis
1271 571 1416 648 civibus
1441 571 1711 678 deprebensis3

306 695 403 798 quid
423 695 525 770 facto
550 721 645 799 opus
675 711 788 789 esset3
810 721 968 798 poenam
990 693 1147 769 illorum
1173 695 1246 768 sibi
1278 697 1404 785 oneri,
1437 697 1708 801 impunitatem

305 818 517 924 perdundae
535 819 755 924 reipublicae
779 818 859 892 fore
885 815 1070 892 credebat
1108 817 1230 922 Igitur
1246 817 1472 894 confirmato
1494 822 1702 900 animove

305 942 384 1018 cari
404 942 455 1017 ad
482 967 557 1018 sese
579 942 686 1017 iubet
710 941 940 1030 lentulum,
966 939 1199 1045 Cethegum,
1225 941 1439 1033 Statilium,
1466 943 1708 1038 Gabinium,

307 1067 398 1140 item
425 1065 645 1168 Coeperium
680 1065 884 1168 quemdam
907 1064 1240 1154 Terracinensem,
1280 1066 1346 1169 qui
1378 1065 1420 1141 in
1447 1067 1628 1172 Apuliam
1659 1071 1710 1145 ad

306 1191 534 1266 concitanda
555 1189 705 1264 seruitia
732 1187 920 1292 proficisci
941 1189 1110 1293 parabat
1147 1187 1268 1264 Ceteri
1287 1181 1369 1264 aine
1391 1217 1497 1266 mora
1529 1193 1711 1268 veniunt:

310 1315 524 1418 Caeparius,
548 1313 681 1418 paullo
700 1329 789 1387 ante
816 1310 930 1385 domo
954 1337 1139 1416 egressus,
1170 1312 1322 1415 cognito
1351 1311 1511 1405 indicio,
1543 1341 1589 1390 ex
1613 1317 1712 1392 urbe

308 1437 535 1542 profugerat
577 1435 716 1512 Consul
740 1434 966 1525 lentulum,
991 1434 1096 1537 quod
1120 1437 1263 1509 Praetor
1285 1451 1388 1526 erat,
1413 1436 1493 1540 ipse
1513 1463 1634 1512 manu
1659 1455 1713 1513 te·

311 1587 404 1636 nens
426 1562 468 1634 in
487 1576 662 1636 senatum
679 1557 856 1663 perducit
867 1590 877 1650 ;
892 1558 1058 1660 reliquos
1078 1584 1168 1632 cum
1188 1558 1407 1633 custodibus
1420 1558 1463 1634 in
1480 1558 1599 1636 aedem
1612 1561 1712 1635 Con·-

310 1684 446 1760 cordiae
464 1685 594 1759 venire
620 1683 733 1758 iubet.
771 1685 828 1757 Eo
846 1683 1030 1756 Senatum
1054 1681 1230 1770 advocat,
1254 1708 1471 1786 magnaque
1496 1681 1712 1784 frequentia

310 1810 387 1884 eius
406 1807 567 1896 ordinis,
598 1805 842 1880 Volturcium
870 1831 958 1879 cum
981 1804 1110 1909 legatis
1132 1785 1374 1880 introducit-2
1407 1805 1589 1881 Flaccum
1614 1809 1714 1881 Prae-

314 1951 432 2008 torem
453 1932 638 2006 scrinium
658 1958 748 2004 cum
771 1929 924 2017 litteris,
949 1955 1085 2032 quasa
1111 1927 1241 2032 legatis
1262 1944 1473 2034 acceperat,
1496 1928 1629 2004 eodem
1647 1925 1714 2004 ad-

313 2054 409 2130 ferre
425 2055 539 2130 iubet.
565 2054 787 2130 Volturcius
807 2052 1060 2155 interrogatus
1077 2051 1124 2127 de
1150 2052 1301 2140 itinere,
1328 2051 1376 2125 de
1394 2051 1548 2142 litteris,
1572 2045 1763 2156 postte-⁴47

312 2205 373 2253 mo
394 2177 508 2282 quid,
523 2195 593 2252 aut
609 2203 685 2280 qua
706 2175 754 2252 de
777 2200 904 2250 caussa
919 2173 1067 2249 consilii
1084 2171 1299 2248 habuisset?
1327 2174 1455 2248 Primo
1477 2173 1716 2279 lingerealia,
1795 2189 1798 2195 '

243 2341 244 2344 ¹
310 2303 546 2380 dissimulare
567 2301 615 2376 de
637 2297 923 2390 coniuratione;
946 2313 1047 2401 post,
1074 2297 1142 2372 ubi
1169 2295 1244 2372 lide
1265 2295 1420 2401 publica
1453 2296 1579 2373 dicere
1598 2299 1718 2374 iussus

313 2449 382 2518 est,
408 2427 556 2516 omnia,
581 2425 639 2500 uti
656 2441 755 2529 gesta
776 2437 899 2509 erant,
925 2421 1047 2522 aperit
1068 2419 1256 2522 docetque
1274 2445 1312 2494 se
1325 2420 1457 2522 paucis
1475 2437 1565 2496 ante
1584 2421 1718 2498 diebus

312 2583 333 2628 a
364 2552 533 2629 Gabinio
565 2567 603 2624 et
634 2545 810 2651 Coepario
836 2543 983 2618 socium
1013 2540 1230 2630 adscitum,
1266 2539 1367 2615 nibil
1398 2541 1565 2646 amplius
1594 2545 1718 2655 scire,

313 2781 365 2839 que
378 2760 477 2818 omisit
492 2757 589 2816 Guell.
608 2776 633 2812 ι.
654 2751 705 2812 Ac.
726 2751 795 2810 Tur.
812 2771 836 2815 r.
857 2748 942 2807 Bern.
955 2745 983 2806 3.
1005 2742 1181 2825 Corporium
1206 2743 1269 2804 Bas.
1288 2766 1313 2803 1.
1330 2745 1417 2821 (infra
1434 2766 1499 2826 cap.
1518 2745 1580 2826 47.)
1600 2746 1719 2820 scribit,

311 2866 361 2926 sed
381 2864 523 2924 hocloco
544 2857 699 2940 Ceparium
725 2861 812 2938 longe
831 2853 962 2934 plurimi.
994 2851 1030 2929 Q.
1048 2861 1115 2910 ante
1133 2846 1219 2930 Coep.
1239 2849 1323 2910 addit
1346 2847 1432 2908 Rem.
1456 2847 1481 2908 r.
1502 2849 1573 2910 item
1594 2841 1720 2930 Coeper.

314 2973 469 3048 quendem.
490 2967 559 3026 Tur.
575 2986 599 3028 ι.
620 2963 704 3022 Bern.
716 2962 743 3025 3.
776 2959 933 3038 quemdam
952 2957 1066 3016 addunt
1086 2957 1145 3016 inc.
1164 2975 1192 3014 2.
1214 2956 1309 3016 Struv.
1330 2953 1392 3012 Bas.
1409 2958 1436 3015 ὅ.
1450 2953 1478 3023 l.
1500 2953 1718 3054 Guelf.1.7s,

315 3073 551 3133 Terracinensem
580 3069 713 3128 scribunt
732 3067 816 3126 Rem.
837 3064 931 3144 ut'erq.
952 3065 1012 3122 inc.
1032 3059 1117 3121 Febr.
1150 3079 1252 3119 omnes
1270 3057 1397 3117 Gruteri.
1417 3055 1498 3116 leid.
1519 3057 1587 3118 vin.
1607 3080 1632 3117 r.
1653 3059 1719 3119 Ecc.

315 3179 410 3241 Gueli.
425 3200 449 3236 r.
463 3198 490 3236 2.
503 3177 568 3256 5.9.
598 3173 660 3232 Bas.
675 3194 700 3230 1.
722 3169 855 3231 Taracin.
884 3166 1004 3226 Tracin.
1027 3163 1186 3224 Tarracon.
1210 3160 1370 3220 Terrocun.
1397 3163 1493 3220 ceteri.
1516 3159 1720 3223 Tarracinam.

317 3283 489 3352 Cluverius,
517 3279 637 3338 Ursinus
664 3275 869 3335 Tarraconem.
890 3271 977 3329 scribi
993 3268 1096 3330 voluit.
1125 3285 1211 3324 mora
1228 3261 1414 3324 conveniunt.
1434 3263 1547 3324 Fibric.
1571 3286 1595 3324 r.
1617 3264 1679 3324 bas.
1694 3287 1721 3326 2.

316 3387 380 3451 Ecc.
402 3386 499 3444 Guell.
511 3385 540 3442 6.
561 3381 629 3464 Tcg.
651 3379 731 3438 Leid.
742 3401 768 3437 c.
800 3377 917 3436 exurbe
935 3373 998 3431 Bos.
1021 3351 1049 3430 r.¹
1065 3371 1252 3430 interlineas.
1284 3369 1317 3428 in
1333 3377 1466 3431 sewum
1488 3370 1648 3430 omiserunt
1662 3371 1722 3430 ali.

317 3504 389 3572 quot
402 3493 479 3551 Ririi
493 3501 521 3549 et
537 3487 641 3548 Wassii
656 3486 733 3544 libri.
755 3482 787 3540 in
805 3501 865 3540 sen.
881 3478 963 3538 ducit
983 3477 1052 3536 Tur.
1070 3497 1095 3535 1.

396 3659 469 3739 Cup.
492 3661 540 3738 47.
566 3658 637 3734 quid
659 3664 710 3714 out
728 3673 785 3730 qua
804 3652 842 3710 de
867 3663 956 3706 causo
983 3644 1108 3706 οοηείἰιῖ.
1137 3642 1196 3704 boo
1214 3645 1332 3702 iniero
1358 3640 1456 3705 Codd.
1475 3641 1625 3702 deterioris
1646 3651 1722 3702 uotae
1851 3715 1853 3720 ,

317 3769 446 3836 rarian13
467 3765 517 3824 sed
539 3765 729 3844 glossatorum
747 3759 865 3816 inventa
880 3743 983 3811 notare
1009 3770 1070 3809 non
1089 3750 1201 3808 attinet.
1221 3749 1288 3824 fido
1300 3746 1420 3827 publico
1443 3747 1517 3804 datu
1537 3743 1634 3806 Guelf.
1653 3745 1721 3824 7.=8.

317 3893 345 3950 9.
363 3893 406 3929 ιι.
428 3869 512 3929 Rem.
530 3889 555 3927 ι.
580 3869 639 3926 inc.
659 3863 740 3922 Leid.
755 3883 795 3924 m.
808 3881 838 3919 n.
858 3857 954 3916 Struv.
974 3853 1043 3914 Tur.
1062 3873 1101 3914 2.Ι
1108 3855 1175 3928 fida
1189 3854 1219 3912 d.
1231 3851 1312 3930 publ.
1333 3849 1415 3910 Laid.
1431 3869 1458 3909 a.
1474 3869 1503 3930 g.
1515 3847 1547 3908 h.
1568 3847 1630 3908 Bu.
1645 3849 1722 3919 ml.

309 3976 386 4050 fidei
396 3974 519 4055 publiea
534 3972 640 4032 dicere.
660 3967 746 4028 Fabr.
761 3987 785 4029 1.
808 3985 848 4022 m.
861 3982 908 4043 pr.
929 3959 991 4019 Bas.
1011 3980 1035 4018 1.
1057 3957 1154 4017 Guels.
1166 3958 1194 4027 d.
1211 3975 1256 4019 ιο.
1279 3953 1360 4035 leid.
1371 3955 1392 4017 1.
1414 3949 1541 4014 tamt.
1561 3951 1727 4032 witrio-

321 4090 436 4160 cetque:
458 4081 597 4155 deamque
611 4076 697 4134 omiss
716 4071 800 4130 Bern.
817 4067 845 4131 3.
858 4065 954 4162 'idem
974 4064 1087 4144 aperire
1104 4063 1184 4143 legit.
1216 4057 1377 4138 saperda:
1397 4057 1532 4118 uomitu
1551 4054 1602 4118 Aa·
1625 4055 1723 4118 Curis.

325 4205 369 4243 ιο.
391 4183 528 4244 accitum.
549 4181 618 4240 Tur.
634 4201 659 4242 2.
682 4177 767 4236 Bam.
787 4195 811 4239 ι,
832 4173 892 4232 inc.
907 4189 944 4229 2.,
965 4167 1111 4246 622186.
1126 4189 1156 4246 7.
1173 4166 1202 4224 8.
1215 4185 1246 4243 9.
1269 4159 1333 4222 Bas.
1346 4181 1373 4222 2.
1388 4162 1416 4232 d.
1445 4179 1506 4220 esse
1522 4160 1638 4232 addunt
1664 4159 1725 4220 Bos.

1271 4317 1290 4388 7
