4582 5320
1661 369 1704 442 81

309 533 407 612 Nam
425 535 465 612 ri
499 534 655 640 quidem
686 562 813 642 regere
835 533 1001 642 patriam
1026 551 1096 615 aut
1119 551 1293 644 parentes
1314 564 1549 645 quamquam
1566 559 1605 620 et
1628 569 1712 649 pos-

307 657 355 736 sis
380 675 419 736 et
443 659 581 738 delicta
612 661 793 765 corrigas,
819 647 947 737 tamen
968 661 1235 766 importunum
1255 679 1336 740 eet:
1358 691 1481 767 quum
1501 667 1710 770 praesertir'n

308 779 435 858 omnes
452 809 582 859 rerum
602 783 831 859 mutationes
849 784 1007 875 eaedem,
1031 785 1180 888 fugam,
1206 785 1357 889 aliaque
1377 785 1530 865 hostilia
1556 805 1711 894 porten-

307 907 420 1000 dant,
455 907 595 983 frustra
621 924 749 983 autem
773 906 865 996 niti,
903 934 1028 1010 neque
1051 908 1158 983 aliud
1190 933 1228 984 se
1259 908 1452 1013 fatigando
1478 912 1552 987 nisi
1580 912 1714 990 odium

305 1055 495 1133 quaerere,
528 1047 702 1106 extremae
729 1028 928 1104 dementire
957 1045 1037 1122 est,
1072 1029 1146 1104 nisi
1172 1028 1269 1106 forte
1295 1058 1410 1134 quem
1437 1031 1637 1110 inhonesta
1665 1051 1704 1110 et

302 1153 512 1256 perniciosa
533 1153 668 1228 lubido
690 1168 812 1240 tenet,
838 1151 1016 1255 potentiae
1038 1178 1252 1257 paucorum
1274 1155 1387 1230 decus
1408 1171 1523 1258 atque
1549 1157 1703 1231 liberta-

254 1337 258 1344 .
303 1291 379 1353 tem
396 1302 506 1352 auam
528 1275 741 1382 gratificari.
780 1278 957 1351 Ceterum
973 1300 1021 1350 ex
1043 1275 1126 1350 aliis
1149 1277 1325 1379 negotiis,
1350 1303 1436 1380 quoe
1461 1279 1614 1384 ingenio
1639 1282 1732 1355 err-4

301 1417 497 1492 ementur,
523 1402 564 1476 in
600 1398 733 1504 primis
757 1425 897 1502 magno
926 1398 1012 1472 usui
1036 1413 1091 1472 est
1120 1400 1302 1498 memoria
1328 1427 1458 1476 rerum
1489 1417 1701 1506 gestarum:

300 1524 409 1600 cuius
427 1524 474 1600 de
490 1524 631 1598 virtute
652 1521 744 1624 quia
760 1521 874 1595 multi
893 1521 1039 1611 dixere,
1055 1522 1366 1625 praetereundum
1381 1539 1495 1627 put03
1517 1523 1632 1600 simul
1651 1550 1702 1599 ne

297 1672 367 1750 per
386 1645 628 1722 insolentiam
649 1644 735 1749 quis
763 1644 981 1736 existumet,
1015 1661 1154 1720 memet
1181 1644 1353 1720 studium
1380 1673 1510 1721 meum
1535 1647 1698 1722 laudan-

297 1769 347 1844 do
367 1770 554 1845 extollere.
586 1772 712 1871 Atque
728 1793 796 1872 ego
815 1767 927 1842 credo
948 1767 1046 1858 lore,
1071 1767 1154 1870 qui,
1172 1768 1263 1870 quia
1280 1767 1426 1844 decrevi
1446 1768 1583 1872 procul
1603 1796 1624 1843 a
1641 1795 1700 1844 re·

296 1891 453 1996 publica
475 1907 626 1966 aetatem
651 1914 780 1995 agere,
806 1905 914 1966 tanto
939 1906 1094 1992 tamque
1110 1890 1199 1964 utili
1228 1890 1351 1966 labori
1373 1917 1457 1968 meo
1479 1918 1621 1968 nomen
1639 1891 1698 1967 in-

295 2015 398 2093 ertiae
426 2014 656 2105 imponant:
681 2029 798 2103 certe,
825 2013 966 2116 quibus
992 2039 1171 2087 maxuma
1199 2013 1388 2089 industria
1418 2013 1571 2090 ridetur
1596 2013 1697 2090 salu·

295 2153 375 2214 tare
400 2138 551 2242 plebem
575 2152 614 2211 et
636 2135 815 2211 conviviis
835 2135 996 2240 gratiam
1020 2153 1198 2237 quaerere.
1246 2137 1326 2234 Qui
1353 2137 1384 2213 si
1413 2137 1696 2241 reputaverint,

293 2279 331 2339 et
348 2261 487 2364 quihus
503 2287 571 2365 ego
592 2259 826 2364 temporibus
853 2258 1091 2364 magistratus
1112 2257 1271 2362 adeptus
1293 2261 1383 2352 sim,
1408 2277 1451 2336 et·
1468 2261 1598 2364 quales
1621 2260 1695 2336 viri

292 2385 394 2462 idem
421 2383 578 2486 adsequi
610 2382 876 2484 nequiverint,
907 2398 947 2456 et
973 2397 1101 2485 postea
1126 2407 1213 2484 quoe
1243 2410 1380 2488 genera
1417 2381 1624 2462 hominum
1649 2385 1694 2462 in

290 2525 464 2588 senatum
484 2506 748 2612 pervenerint3
783 2502 953 2608 profecto
977 2504 1281 2597 existumabunt,
1315 2533 1377 2581 me
1405 2509 1524 2612 magis
1555 2508 1692 2584 merito

290 2660 407 2738 quam
418 2627 781 2737 ignavia,iudicium
793 2624 913 2703 animi
921 2625 996 2701 mei
1007 2625 1225 2717 mutavisse,
1238 2627 1438 2732 maiusque
1447 2629 1694 2738 commodum

289 2833 350 2874 om.
372 2811 469 2873 Guell.
483 2833 513 2892 9.
533 2809 614 2870 Leid.
630 2811 651 2869 i.
681 2807 841 2870 inVratisl.
869 2809 969 2868 lorum
986 2816 1089 2866 mutat.
1121 2804 1235 2886 aliquid
1254 2807 1339 2867 Rem.
1358 2808 1454 2872 Strui.
1485 2807 1586 2870 uuett.
1609 2811 1638 2872 ὅ.
1660 2832 1689 2891 7.

286 2915 372 2978 Bodl.
391 2925 479 2976 mort.
492 2924 542 2980 est.
563 2924 604 2976 est
623 2913 660 2973 ob
671 2911 846 2975 unoWassii
862 2909 943 2971 abest
955 2911 988 2970 in
1001 2909 1117 2972 Vratisl.
1128 2913 1229 2970 locum
1247 2921 1351 2978 mutat.
1372 2911 1478 2974 rirettlti
1491 2931 1551 2974 soe.
1570 2911 1640 2974 l'ur.
1661 2935 1688 2974 1.

287 3030 349 3082 tem
361 3021 469 3081 multer.
489 3027 553 3080 lam
571 3039 632 3078 om.
646 3016 744 3077 Guell.
765 3036 811 3076 rr.
831 3014 891 3076 sint
908 3035 970 3075 om.
989 3013 1073 3078 Rem.
1087 3034 1112 3074 ι.
1132 3013 1227 3080 serv.

269 3155 291 3186 Γ
368 3145 441 3231 Cap.
456 3153 485 3213 3.
506 3146 650 3230 cupienda
662 3145 726 3206 vti.
755 3143 883 3204 'l'hosan-
896 3142 988 3203 Palm.
1016 3143 1115 3222 1111th
1130 3141 1189 3202 tuti
1204 3143 1328 3223 plurimi
1343 3142 1424 3203 libri.
1443 3144 1556 3206 Fabrio.
1576 3143 1638 3205 Bar.
1662 3166 1688 3205 r.

286 3255 370 3316 Rom.
383 3275 410 3315 a.
439 3251 506 3314 Seu.
525 3273 551 3312 r.
579 3253 687 3332 aliique
711 3249 794 3310 Gort.
822 3247 903 3307 leid.
916 3268 944 3308 a.
959 3247 990 3308 b.
1005 3268 1031 3308 o.
1045 3246 1076 3306 d.
1087 3247 1148 3307 oi.
1163 3267 1192 3327 g.
1208 3245 1240 3305 h.
1256 3247 1284 3305 k.
1299 3267 1340 3305 m.
1357 3267 1388 3312 n.
1413 3247 1483 3331 Teg.
1510 3248 1596 3308 Bern.
1616 3271 1642 3309 ι.
1655 3253 1685 3313 ὅ.
1817 3239 1831 3312 J

270 3359 342 3419 ‘tuti
353 3358 450 3438 stipae
468 3357 530 3421 Bas.
544 3357 573 3427 4.
594 3354 688 3434 magis
703 3353 761 3414 tuti
778 3353 839 3412 duo
852 3349 934 3412 Gort.
954 3370 988 3412 eo
1001 3371 1081 3430 mog.
1097 3359 1119 3409 t.
1136 3359 1189 3409 aut
1205 3350 1236 3410 h.
1257 3371 1334 3411 unus
1348 3349 1451 3412 Cortii.
1473 3351 1518 3411 uti
1529 3353 1586 3414 tuti
1603 3353 1684 3420 laid.

285 3467 306 3524 Ι.
326 3462 396 3524 Tur.
421 3481 451 3524 sa
460 3461 642 3542 fatigando.
657 3477 686 3519 se
699 3477 761 3518 om.
781 3441 865 3516 llam.
881 3474 912 3513 r.
940 3453 1008 3515 Ere.
1028 3453 1124 3520 Sunv.
1149 3461 1190 3513 est
1205 3463 1326 3520 extrem.
1341 3458 1419 3517 dem.
1437 3456 1534 3524 Stmv.
1566 3467 1607 3519 est
1622 3477 1685 3521 om.

284 3569 343 3630 inc.
355 3587 385 3629 a.
405 3566 498 3630 lrlrert.
519 3585 603 3626 suom
622 3583 709 3646 pron.
730 3581 791 3626 orn.
811 3559 909 3621 Guell.
921 3557 950 3619 5.

346 3691 420 3776 Cep.
436 3692 466 3766 l.
486 3713 523 3754 er
539 3693 575 3754 iis
593 3667 654 3772 req.
674 3689 755 3750 leid.
769 3677 799 3756 a,
809 3688 840 3749 b.
854 3710 880 3750 e.
898 3689 926 3754 k.
948 3685 1014 3748 usui
1025 3695 1075 3748 ert.
1096 3696 1137 3748 est
1156 3707 1217 3748 om.
1239 3689 1298 3754 ino.
1316 3708 1343 3749 2.
1372 3700 1476 3754 memet
1490 3693 1568 3757 und,
1585 3711 1683 3752 marm

283 3797 364 3859 laud·
384 3817 482 3860 meum
507 3794 728 3858 om.Guell.6.
746 3815 792 3855 12.
825 3794 968 3857 inserv-
987 3793 1047 3854 loe.
1072 3802 1146 3852 mut.
1167 3791 1321 3854 laudumo
1341 3813 1403 3853 om.
1431 3793 1586 3854 labdon.
1617 3813 1682 3856 meo

282 3921 362 3965 nom.
382 3921 447 3963 meo
466 3923 527 3963 om.
554 3900 667 3965 Fabric.
689 3919 719 3960 a.
747 3899 828 3960 Leid.
843 3919 876 3963 n.
909 3897 1064 3978 imponunt
1090 3895 1172 3956 leid.
1189 3898 1211 3956 i.
1233 3916 1376 3957 maxuma
1392 3916 1453 3956 om.
1484 3895 1581 3958 Guell.
1599 3898 1627 3958 5.
1648 3897 1682 3958 in

281 4027 363 4074 conv.
382 4007 446 4068 Bas.
459 4006 489 4080 l.
509 4006 590 4068 leid.
604 4005 634 4064 b.
648 4027 676 4088 g.
696 4005 811 4087 aliquot
830 4003 933 4062 Cortii.
955 4001 1160 4081 magistrumn
1171 4019 1274 4061 omnes
1286 4000 1366 4065 Leid.
1385 4009 1524 4082 pretore.
1535 3999 1567 4060 h.
1582 4001 1680 4082 adopt.

282 4112 346 4173 sim.
367 4111 464 4172 Guell.
483 4130 509 4170 1.
524 4111 551 4169 5.
571 4109 639 4170 Ecc.
660 4107 776 4174 Vratirl.
789 4129 815 4168 1.
836 4125 938 4167 omnes
946 4106 1029 4166 Leid.
1048 4104 1165 4166 Gruteri
1190 4102 1336 4166 etWassii
1351 4101 1430 4163 libri.
1459 4101 1522 4164 Bas.
1540 4124 1565 4170 1.
1593 4103 1679 4168 Beru.

287 4237 313 4277 ι.
326 4215 355 4277 3.
375 4234 441 4278 sum
460 4215 558 4276 otteri-
574 4221 769 4294 perverterunt
789 4211 887 4273 Guelf.
898 4211 928 4276 6.
946 4209 1037 4272 indic.
1050 4227 1148 4300 meum
1166 4205 1263 4268 Guoll.
1278 4229 1309 4289 9.
1329 4203 1388 4268 mei
1401 4204 1494 4270 enin.
1514 4207 1680 4292 euertit.

1239 4359 1278 4412 ll
