4570 5316
1627 388 1694 486 145
1873 387 1876 396 ’

292 559 507 665 compositis
524 562 660 651 rebus,
682 559 723 633 in
745 559 828 634 loca
849 585 968 663 quam
991 585 1168 636 maxume
1189 561 1338 636 occulta
1357 559 1517 640 discedit
1543 591 1587 640 ao
1610 584 1696 670 post

290 684 423 788 paullo
456 684 668 788 cognoscit,
692 682 861 758 Marium
890 710 936 758 ex
967 683 1102 759 itinere
1134 683 1413 762 frumentatum
1443 713 1533 763 cum
1563 691 1695 792 paucis

289 806 509 884 cohortibus
527 809 673 883 Siccam
695 807 875 882 missum:
900 807 1006 910 quod
1024 807 1211 912 oppidum
1229 807 1400 912 primum
1418 811 1593 886 omnium
1608 829 1695 916 post

288 929 430 1006 malam
451 958 623 1036 pugnam
656 931 706 1004 ab
733 957 819 1035 rege
852 929 1046 1006 defecerat.
1100 932 1156 1004 Eo
1191 957 1282 1006 cum
1320 931 1474 1008 delectis
1497 935 1691 1036 equitibus

287 1068 406 1128 noctu
431 1054 555 1158 pergit
574 1070 612 1128 et
631 1053 708 1127 iam
728 1053 1006 1161 egredientibus
1028 1052 1206 1129 Romanis
1234 1055 1276 1128 in
1305 1071 1415 1159 porta
1439 1081 1611 1162 pugnam
1634 1056 1691 1131 fa-

288 1175 369 1250 cit:
396 1175 511 1250 simul
533 1202 670 1281 magna
691 1201 781 1251 voce
814 1176 1220 1268 Siccenses'hortatur,
1239 1179 1298 1252 uti
1325 1177 1497 1254 cobortes
1519 1179 1569 1252 ab
1587 1195 1690 1283 tergo

287 1298 615 1375 circumveniant:
641 1298 839 1375 fortunam
862 1299 937 1374 illis
963 1300 1138 1406 praeclari
1163 1299 1343 1376 facinoris
1367 1327 1498 1408 casum
1521 1299 1630 1393 dare;
1649 1303 1689 1376 si

286 1420 327 1496 id
343 1420 518 1514 fecerint,
529 1438 657 1527 postea
674 1449 750 1498 sese
766 1424 809 1498 in
822 1450 953 1528 regno,
971 1424 1057 1499 illos
1075 1425 1117 1499 in
1134 1424 1308 1499 libertate
1321 1423 1402 1498 sine
1417 1439 1524 1500 metu
1539 1440 1688 1502 aetatem

285 1559 441 1622 acturos.
491 1548 548 1620 Ac
565 1547 608 1620 ni
628 1547 772 1623 Marius
792 1548 897 1652 signa
917 1545 1058 1623 inferre
1081 1564 1196 1651 atque
1214 1547 1370 1623 evadere
1385 1547 1527 1651 oppido
1553 1575 1690 1652 prope-

286 1649 464 1760 ravisset,
483 1669 652 1773 profecto
676 1672 807 1746 cuncti
839 1687 908 1746 aut
937 1698 1075 1776 magna
1104 1697 1192 1775 pars
1214 1670 1445 1746 Siccensium
1466 1670 1580 1746 fidem
1600 1699 1686 1746 mu·

287 1792 461 1867 tavissent
471 1825 482 1885 3
503 1809 609 1868 tanta
628 1795 841 1870 mobilitate
856 1819 931 1870 sese
946 1793 1123 1869 Numidae
1147 1811 1274 1898 agunt
1308 1792 1380 1869 Sed
1398 1794 1535 1870 milites
1551 1798 1686 1899 Iugur·

287 1911 386 1988 thini
412 1914 620 2018 paullisper
649 1918 698 1991 ab
737 1944 821 2022 rege
848 1917 1066 2007 sustentati,
1094 1933 1297 2020 postquam
1317 1917 1460 1992 maiore
1484 1917 1523 1992 ri
1561 1914 1686 1995 hostes

284 2053 466 2141 urguent,
485 2040 617 2141 paucis
640 2040 801 2131 amissis,
829 2039 982 2144 profugi
1016 2039 1227 2113 discedunt
1276 2039 1420 2113 Marius
1451 2039 1502 2112 ad
1528 2040 1687 2115 Zamam
1696 2041 1733 2125 ⁵7

284 2161 456 2264 pervenit
467 2194 478 2254 ;
499 2161 535 2236 id
557 2163 745 2266 oppidum
768 2162 810 2238 in
835 2189 972 2265 campo
994 2162 1137 2250 situm,
1162 2161 1279 2265 magis
1301 2187 1414 2264 opere
1434 2188 1551 2264 quam
1571 2146 1686 2238 natu-

286 2309 326 2355 ra
346 2285 643 2360 munitumerat
661 2285 837 2374 :nullius
872 2285 1019 2359 idoneae
1046 2284 1102 2358 rei
1122 2309 1249 2387 egens,
1269 2284 1383 2358 armis
1401 2283 1567 2389 virisque
1590 2314 1686 2390 opu·

285 2399 441 2481 lentum.
492 2407 614 2512 Igitur
640 2407 837 2496 Metellus,
863 2433 934 2510 pro
951 2423 1120 2510 tempore
1144 2420 1259 2509 atque
1276 2407 1361 2482 loco
1385 2410 1528 2510 paratis
1551 2411 1685 2507 rebus,

286 2547 423 2605 cuncta
448 2531 590 2606 moenia
614 2530 781 2609 exercitu
797 2528 1065 2617 circumvenit,
1089 2527 1220 2630 legatis
1238 2529 1415 2630 imperat,
1434 2530 1504 2603 ubi
1522 2533 1683 2634 quisque

286 2670 461 2729 curaret:
483 2653 621 2728 deinde
635 2653 742 2756 signo
765 2653 856 2727 dato
877 2649 1052 2756 undique
1070 2649 1184 2724 simtd
1209 2645 1353 2726 clamor
1378 2652 1509 2755 ingens
1536 2653 1681 2750 oritur,

286 2801 407 2878 neque
440 2803 482 2854 ea
513 2802 570 2852 res
592 2776 776 2851 Numidas
804 2789 935 2869 terret5
972 2772 1110 2848 infensi
1150 2773 1367 2875 intentique
1394 2775 1476 2850 sine
1507 2775 1680 2853 tumultu

285 2917 468 2976 manent:
493 2900 670 3004 praelium
693 2899 888 3003 incipitur.
936 2895 1114 2984 Romani,
1134 2923 1204 2998 pro
1224 2893 1377 3000 ingenio
1394 2897 1576 3000 quisque,
1592 2925 1680 3004 pars

285 3024 431 3099 eminus
451 3023 588 3128 glande
604 3041 671 3100 aut
699 3024 892 3128 lapidibus
920 3046 1114 3126 pugnare,
1135 3019 1203 3093 alii
1222 3019 1420 3098 succedere
1444 3048 1489 3096 ac
1522 3049 1679 3098 murum

284 3147 395 3226 modo
421 3147 638 3241 subfodere,
659 3148 773 3238 modo
794 3147 902 3224 scalis
925 3142 1108 3246 adgredi:
1134 3168 1272 3247 cupere
1295 3145 1472 3247 praelium
1494 3144 1534 3219 in
1555 3146 1678 3220 mani-

285 3365 312 3410 a.
331 3345 430 3408 lleuss.
448 3346 546 3412 Guell.
560 3368 586 3407 2.
602 3345 630 3406 3.
646 3367 692 3406 ιι.
712 3346 789 3408 Rivii
801 3344 879 3417 libri,
900 3342 961 3406 lias.
975 3362 999 3401 ι.
1020 3340 1104 3400 Bern.
1121 3361 1147 3398 1.
1162 3339 1191 3400 3.
1209 3341 1309 3420 paullo
1321 3351 1387 3422 post
1406 3343 1502 3402 celeri
1514 3343 1679 3418 fortunam

281 3448 338 3510 illis
354 3471 442 3532 pron.
463 3473 523 3517 om.
544 3452 639 3517 Sonat.
655 3473 680 3511 r.
702 3451 748 3510 illi
773 3450 870 3508 Guelf.
881 3468 910 3527 9.
932 3445 996 3504 illos
1022 3444 1223 3527 Fabr.stTeg.
1246 3466 1286 3504 tn.
1297 3467 1343 3527 pr.
1371 3443 1585 3524 Num.gsrttrtt
1595 3447 1679 3508 delc-

280 3555 458 3616 riorcodd.
478 3558 629 3618 sedetiam
652 3543 751 3620 Basia.
773 3553 899 3615 Bermd·
940 3558 1034 3630 agunt
1052 3549 1121 3614 Vin.
1136 3570 1161 3608 ι.
1184 3549 1510 3614 Fabr.Guell.1.Naz.
1531 3549 1677 3627 Commcl,

281 3661 385 3742 reliqui
396 3663 571 3723 vetustiores.
592 3661 629 3719 ab
645 3679 712 3740 rege
730 3678 791 3718 om.
803 3655 939 3727 Guelfd.
961 3652 1036 3714 cod.
1052 3652 1209 3738 Bongamii.
1229 3655 1317 3714 Palat.
1327 3675 1356 3735 9.
1372 3653 1544 3715 substemali
1555 3654 1641 3715 Bern.
1652 3676 1677 3714 r.

279 3773 413 3842 wgrrenl.
433 3767 492 3826 inc.
505 3785 533 3824 a.
554 3763 689 3824 Guclib.

341 3890 414 3973 Cap.
426 3894 475 3974 57.
496 3893 641 3953 munitum
654 3901 729 3952 erat.
748 3899 812 3951 erut
826 3910 886 3950 om.
898 3887 983 3949 Bern.
999 3886 1061 3949 t.3.
1073 3886 1143 3951 vin.
1156 3905 1184 3948 a.
1201 3887 1315 3947 elamor
1325 3885 1458 3946 aroriwr
1476 3883 1561 3944 Febr.
1580 3885 1639 3946 inc.
1649 3905 1674 3948 ι.

280 3996 398 4058 lacida.
419 3997 488 4079 Tcg.
508 3999 631 4058 evadas
643 3996 706 4072 olii,
724 3995 778 4056 clii
791 3996 943 4055 succedere
962 3995 1001 4052 ita
1012 3993 1126 4073 aliquot
1143 3990 1222 4052 leid.
1241 4001 1269 4051 ct
1281 3991 1348 4050 Nar.
1368 3989 1418 4050 scd
1434 3989 1538 4048 ordine
1551 3997 1673 4050 mutato.

280 4100 320 4161 ita
329 4100 430 4162 canto
442 4101 543 4162 edidit.
563 4101 629 4162 Son.
642 4123 668 4160 ι.
683 4121 724 4164 m,
733 4121 788 4161 sec.
802 4098 932 4171 addidit;
950 4107 1051 4160 contra
1059 4094 1145 4154 Febr.
1161 4117 1185 4154 ι.
1207 4115 1248 4153 m.
1258 4115 1303 4175 pr.
1324 4093 1380 4154 atii
1391 4091 1673 4154 ammorhaeor-

280 4206 349 4267 ἀπο
364 4208 537 4288 νεῖ-ιηωτυη
551 4207 724 4277 mandere,
737 4203 781 4266 vel
794 4221 911 4262 murram
928 4212 982 4262 eto.
1002 4201 1043 4260 ita
1062 4199 1131 4280 leg.
1152 4210 1181 4259 et
1200 4197 1270 4258 Tur.
1294 4199 1447 4274 subfodere
1465 4194 1550 4259 Fabr.
1563 4218 1589 4257 ι.
1610 4195 1672 4264 bar.

1281 4348 1326 4423 ¹9
