4570 5316
1639 337 1709 413 207

313 490 417 592 quod
431 491 587 565 illorum
603 489 719 596 magis
730 516 847 594 quam
861 515 928 567 aua
941 493 1110 569 retulisse
1123 494 1328 586 videretur3
1345 494 1384 568 id
1397 493 1489 569 adeo
1504 493 1545 568 in
1556 518 1712 598 promp-

314 629 357 686 tu
385 639 478 705 ease,
503 614 688 716 quoniam
713 614 908 718 Iugurthae
933 617 1082 720 copiam
1109 616 1268 692 baberet
1285 648 1299 691 :¹
1320 641 1434 719 quem
1468 617 1499 691 si
1532 617 1711 719 Romanis

313 735 544 827 tradidisset,
570 736 668 828 fore,
695 752 741 811 ut
760 738 818 812 illi
844 738 1057 841 plurimum
1079 739 1299 834 deberetur-5
1324 741 1548 828 amicitiam,
1578 739 1712 830 toedus,

312 859 502 935 Numidiae
527 875 693 964 partem,
720 886 838 963 quam
859 888 965 936 nunc
990 877 1152 964 peteret,
1178 878 1276 937 tunc·
1300 862 1410 936 ultro
1430 861 1712 956 adventuram.'’

311 983 390 1056 Rex
416 983 542 1085 primo
564 984 755 1087 negitare:
784 981 1047 1075 adfinitatem,
1071 985 1360 1088 cognationem,
1381 1000 1560 1087 praeterea
1587 985 1711 1083 foeduo

312 1105 585 1181 intervenisse:
611 1105 661 1180 ad
690 1103 766 1181 hoc
797 1121 989 1196 metuere,
1015 1133 1064 1180 ne
1084 1107 1188 1180 fluxa
1223 1107 1298 1181 tide
1332 1131 1440 1197 usus,
1463 1107 1711 1209 popularium

311 1229 458 1304 animos
481 1246 687 1325 avorteret5
712 1229 797 1333 quis
816 1247 856 1305 et
869 1227 1055 1334 Iugurtha
1074 1257 1200 1319 carus,
1225 1247 1263 1304 et
1284 1229 1444 1304 Romani
1460 1229 1573 1303 invisi
1592 1245 1708 1303 erant

311 1351 489 1454 Denique
506 1352 641 1459 saepius
661 1353 856 1457 fatigatus,
874 1351 1014 1428 leniter
1036 1368 1133 1428 etex
1156 1353 1354 1428 voluntate
1378 1353 1492 1428 Sullae
1517 1351 1645 1426 omnia
1672 1379 1711 1428 se

310 1474 504 1550 facturum
524 1474 723 1578 promittit.
776 1478 951 1550 Ceterum
974 1473 1023 1548 ad
1045 1475 1302 1550 simulandam
1322 1503 1471 1580 pacem,
1497 1475 1612 1550 cuiue
1632 1477 1710 1548 Nu·

309 1597 436 1688 mida,
459 1597 620 1673 defessus
645 1598 775 1688 bello,
800 1597 1067 1686 avidissumus,
1092 1623 1178 1698 quae
1200 1599 1311 1672 utilia
1336 1599 1434 1688 visa,
1460 1599 1708 1672 constituunt.

309 1723 366 1795 Ita
386 1722 593 1824 composito
619 1720 727 1809 dolo,
753 1721 1028 1824 digrediuntur.
1082 1725 1133 1794 At
1158 1747 1223 1795 rex
1246 1738 1394 1823 postero
1418 1721 1480 1795 die
1501 1725 1681 1823 Asparem
1699 1752 1778 1812 ‚na

307 1842 504 1948 Iugurthae
528 1844 694 1948 legatum
717 1841 887 1944 adpellat
905 1842 1076 1943 dicitque
1100 1842 1199 1916 :sibi
1222 1870 1290 1946 per
1315 1845 1508 1918 Dabarem
1535 1869 1581 1918 ex
1602 1845 1707 1919 Sulla

310 1965 505 2070 cognitum
530 2023 540 2055 ,
565 1991 670 2069 posse
696 1964 980 2039 conditionibus
1012 1963 1160 2037 bellum
1186 1966 1310 2067 poni:
1335 1967 1586 2067 quamobrem
1615 1969 1715 2071 regis*

309 2090 368 2163 sui
395 2089 623 2165 sententiam
647 2088 890 2188 exquireret·
919 2086 989 2160 Ille
1018 2086 1125 2160 laetuo
1149 2087 1189 2159 in
1225 2105 1344 2161 castra
1374 2087 1569 2192 Iugurthae
1597 2091 1709 2165 veuit.

309 2213 410 2286 Dein
427 2212 475 2286 ab
496 2211 563 2286 illo
583 2228 721 2285 cuncta
740 2210 909 2300 edoctus,
925 2224 1128 2312 properato
1144 2209 1297 2300 itinere,
1315 2226 1400 2313 post
1417 2210 1519 2285 diem
1534 2228 1712 2296 octavum

308 2332 409 2409 redit
433 2333 483 2409 ad
510 2331 728 2432 bocchum,
768 2347 807 2405 et
838 2332 874 2405 ei
906 2330 1139 2419 denunciat,
1172 2329 1428 2436 „Iugurtham
1457 2361 1596 2436 cupere
1630 2361 1711 2409 om·

308 2457 392 2546 nia,
417 2483 503 2560 quae
523 2455 822 2574 imperarentur,
845 2451 987 2546 facere5
1009 2451 1075 2526 aed
1096 2453 1219 2525 Mario
1236 2479 1375 2555 parum
1401 2455 1620 2530 confidere:
1645 2483 1711 2530 sae-

307 2606 358 2686 pe
378 2595 490 2656 antea
511 2601 601 2655 cum
628 2575 921 2681 imperatoribus
950 2571 1129 2648 Romanis
1156 2599 1290 2676 pacem
1315 2591 1541 2650 conventam
1572 2577 1709 2653 bantra

301 2761 485 2827 'Kotradon
506 2771 577 2820 tunc
588 2778 651 2820 om.
662 2756 759 2828 Betui.
780 2755 879 2817 Guell.
894 2775 943 2822 η.
959 2753 1179 2836 prtinonegere
1198 2752 1283 2814 Febr.
1299 2775 1325 2820 ι.
1341 2753 1425 2817 Rem.
1440 2776 1465 2812 ι.
1487 2757 1545 2815 inc.
1565 2776 1589 2819 ι.
1612 2754 1715 2816 Guelt..

301 2881 337 2952 7.
352 2889 397 2931 ιι.
418 2865 500 2925 Laid.
514 2865 544 2925 d.
554 2864 574 2930 f.
584 2865 612 2924 k.
631 2863 692 2922 Erl.
712 2859 826 2941 agitare
846 2858 898 2920 Ac.
920 2865 1021 2923 Franc.
1042 2857 1115 2918 Ecc..
1130 2858 1189 2918 inc.
1203 2879 1229 2916 2.
1253 2859 1334 2923 Vrat.
1346 2857 1376 2917 3.
1389 2856 1486 2916 Guclt.
1501 2859 1529 2928 t.
1544 2858 1571 2921 6.
1584 2880 1613 2939 9.
1631 2857 1711 2930 leid.

303 2971 335 3032 b.
347 2992 372 3031 e.
385 2968 416 3029 h.
427 2991 468 3028 m.
492 2987 600 3047 negare
614 2965 728 3046 agitare
745 2966 814 3026 Vin.
829 2985 857 3024 2.
878 2963 980 3024 Strnv..
997 2962 1082 3043 Berg.
1113 2961 1190 3024 Vrat.
1205 2961 1234 3020 i.
1248 2959 1338 3032 ,ΒειἾιΙ
1348 2982 1380 3020 o.
1391 2959 1487 3020 Guell.
1503 2983 1547 3020 ro.
1564 2981 1610 3020 ια.
1629 2961 1711 3026 Leia.

307 3097 335 3158 g.
356 3093 411 3134 rer
427 3071 591 3150 neglectam
616 3071 715 3135 Guett,
729 3077 753 3128 ι’.
775 3067 862 3128 incisi
876 3053 963 3126 erant
982 3068 1116 3125 melioret
1138 3065 1241 3124 Cortii.
1262 3065 1343 3125 Leid.
1357 3063 1535 3125 acubili.
1547 3085 1588 3123 m.
1609 3065 1667 3130 Pal.
1683 3085 1710 3124 a.

308 3181 336 3241 5.
349 3180 378 3243 6,
388 3200 416 3259 7.
437 3175 538 3246 Baell.
558 3175 688 3255 quinque
706 3173 819 3232 Wassii.
841 3170 924 3231 ovid.
944 3177 1009 3233 erat
1026 3168 1106 3229 leid.
1117 3189 1145 3227 a.
1159 3189 1186 3227 c.
1196 3166 1226 3228 d.
1239 3189 1265 3227 e.
1280 3169 1300 3232 l.
1315 3166 1346 3226 b.
1358 3171 1379 3226 i.
1391 3168 1420 3226 k.
1431 3189 1472 3226 m.
1483 3187 1520 3226 n..
1534 3167 1592 3226 Ert.
1608 3167 1669 3228 Bas.
1681 3171 1710 3240 4,

307 3284 392 3345 Rem.
408 3303 433 3341 ι.
446 3285 480 3343 3..
494 3279 563 3340 Tur.
585 3276 688 3336 leniter
703 3285 730 3336 et
742 3295 779 3334 ea·
793 3276 910 3334 volema?
925 3283 954 3333 et
967 3293 1028 3338 om.
1048 3273 1115 3332 San.
1128 3293 1154 3337 ι.
1174 3272 1243 3334 vin.
1254 3293 1287 3331 ι..
1300 3271 1384 3333 Febr:
1398 3292 1424 3336 ι.
1444 3271 1530 3330 Rem.
1545 3291 1571 3331 ι.
1590 3272 1671 3337 Vtut.
1684 3293 1710 3332 2.

253 3426 257 3435 -
306 3391 366 3449 inc.
378 3407 406 3446 a.
425 3385 527 3446 Stmv..
542 3382 640 3442 Gnell.
655 3403 690 3462 7..
701 3401 746 3445 io.
777 3378 863 3443 Paria.
875 3399 906 3439 a.
924 3375 1026 3437 leviter
1045 3376 1130 3436 Perit.
1147 3397 1174 3435 c.
1202 3386 1231 3433 et
1249 3375 1300 3434 alii
1316 3377 1414 3456 pauci.
1443 3375 1554 3435 lenitur
1574 3377 1614 3434 ita
1631 3375 1711 3440 Gru·
1754 3411 1757 3418 »

254 3534 262 3546 .
307 3503 360 3552 ter.
380 3490 501 3553 Havete.
521 3487 608 3568 pauci
618 3505 652 3546 ex
665 3484 754 3545 Cort..
767 3482 852 3542 bern.
862 3481 891 3542 5.
913 3480 1022 3542 teritur
1032 3483 1079 3543 vet
1095 3479 1199 3540 leniter
1213 3488 1322 3559 septem
1339 3479 1461 3545 wanti..
1474 3478 1578 3540 leniter
1595 3499 1632 3541 ex
1652 3481 1710 3542 vol.

308 3596 396 3660 Palat‘.
411 3615 440 3660 a.
461 3591 569 3654 ἱεηίωι·
580 3599 684 3650 etom.
698 3589 790 3648 Mart.
803 3600 833 3652 r·
849 3599 884 3650 Λ.

309 3725 313 3734 ’
385 3717 458 3801 Cap.
479 3740 545 3781 ιη.
565 3717 606 3777 Et
623 3717 728 3778 realta
737 3719 840 3798 vulgo,
851 3712 891 3774 At
906 3733 959 3774 ree
979 3711 1045 3774 Ecca
1062 3715 1120 3772 inc.
1137 3714 1187 3772 atii
1203 3731 1236 3770 tx
1251 3711 1332 3770 Cort.
1354 3711 1416 3772 Bas.
1427 3710 1455 3782 A.
1478 3711 1597 3774 Havete.
1613 3711 1645 3770 in
1658 3730 1711 3770 cn-

307 3836 371 3887 atrc
381 3823 544 3904 lug'veni't.
557 3821 760 3905 proficiscitur·
772 3819 850 3883 mvii
864 3817 947 3889 libri,
962 3819 1081 3878 Palatini
1096 3819 1238 3890 iuniores,
1255 3829 1309 3876 tres
1319 3816 1419 3875 Wanii
1427 3855 1438 3885 ,
1447 3815 1506 3876 Eri.
1524 3813 1621 3884 Bait.
1640 3814 1709 3879 Tur.

307 3921 392 3991 bern.
407 3949 431 3988 ι.
443 3935 471 3992 3.
492 3927 559 4007 lug.
574 3928 701 4006 legatum
714 3925 788 3986 dicit
807 3923 871 3985 stet
890 3924 958 3983 Sen.
981 3943 1010 3984 a.
1032 3923 1131 3984 lienes.
1152 3921 1254 3990 baal.
1275 3919 1380 3978 bellun
1387 3917 1461 3997 poni
1471 3917 1603 3980 meliores
1618 3917 1710 3980 Cortii

254 4045 257 4052 '
307 4045 337 4094 et
351 4033 435 4094 Grnt.
450 4030 588 4112 componi
597 4035 642 4094 rel
654 4029 763 4112 deponi
773 4031 840 4094 alii..
853 4027 990 4106 exquirat
1009 4025 1110 4095 Bant-
1123 4025 1242 4084 Leid.n.
1263 4023 1334 4084 dein
1352 4019 1436 4082 Rern.
1448 4019 1511 4081 nd.
1528 4021 1568 4080 bb
1583 4021 1634 4086 illo
1648 4043 1709 4082 om.

306 4137 430 4214 Ber-nai.
450 4135 644 4217 proficiscitur
656 4135 699 4194 ad
716 4133 868 4195 Bocchum
887 4129 1115 4194 laetanea
1129 4129 1150 4186 t.
1166 4126 1318 4209 g.h.i.m.
1348 4124 1418 4185 etei
1438 4124 1594 4190 &nonunt
1614 4123 1711 4190 Guotf.

288 4293 295 4306 .
312 4263 338 4302 r.
351 4242 379 4314 l.
392 4261 439 4302 11.
459 4237 598 4302 ltivittib.
618 4237 687 4297 l'ur.
706 4247 733 4297 et
749 4235 887 4296 enunciat
906 4235 981 4293 Vin..
992 4253 1018 4292 1.
1041 4231 1099 4290 Pal.
1113 4231 1218 4311 ²·l·7·
1236 4229 1338 4290 eodm.
1350 4229 1408 4290 Pal.
1420 4222 1493 4287 5..6..
1503 4242 1611 4302 pamm
1622 4233 1712 4298 [ψη

307 4349 347 4409 ite
355 4350 454 4430 vulgo.
475 4344 621 4421 corridere
639 4338 800 4402 Ecclbm.
813 4338 897 4401 Febr.
909 4337 1016 4398 Sena.
1038 4337 1146 4400 Vina.
1157 4335 1252 4402 Strui.
1273 4333 1357 4420 berg.
1380 4329 1478 4395 Guell.
1494 4329 1523 4388 6.
1536 4354 1564 4414 9.
1584 4333 1664 4397 hid,
1680 4333 1710 4400 b,
