<?xml version="1.0" encoding="UTF-8"?>
<!DOCTYPE html PUBLIC "-//W3C//DTD XHTML 1.0 Transitional//EN"
    "http://www.w3.org/TR/xhtml1/DTD/xhtml1-transitional.dtd">
<html xmlns="http://www.w3.org/1999/xhtml" xml:lang="en" lang="en">
 <head>
  <title>
</title>
<meta http-equiv="Content-Type" content="text/html;charset=utf-8" />
  <meta name='ocr-system' content='tesseract 3.04.00' />
  <meta name='ocr-capabilities' content='ocr_page ocr_carea ocr_par ocr_line ocrx_word'/>
</head>
<body>
  <div class='ocr_page' id='page_1' title='image "./ccrispisalustii02sallgoog_0249.png"; bbox 0 0 4570 5316; ppageno 0'>
   <div class='ocr_carea' id='block_1_1' title="bbox 643 417 719 492">
    <p class='ocr_par' dir='ltr' id='par_1_1' title="bbox 643 417 719 492">
     <span class='ocr_line' id='line_1_1' title="bbox 643 417 719 492; baseline 0.026 -2"><span class='ocrx_word' id='word_1_1' title='bbox 643 417 719 492; x_wconf 81' lang='lat'><strong>206</strong></span> 
     </span>
    </p>
   </div>
   <div class='ocr_carea' id='block_1_2' title="bbox 570 587 2163 2663">
    <p class='ocr_par' dir='ltr' id='par_1_2' title="bbox 635 587 2163 2293">
     <span class='ocr_line' id='line_1_2' title="bbox 643 587 2046 699; baseline -0.008 -27"><span class='ocrx_word' id='word_1_2' title='bbox 643 593 715 672; x_wconf 86' lang='lat' dir='ltr'><strong>teri</strong></span> <span class='ocrx_word' id='word_1_3' title='bbox 737 593 865 672; x_wconf 83' lang='lat' dir='ltr'><strong>dolere</strong></span> <span class='ocrx_word' id='word_1_4' title='bbox 883 595 1029 685; x_wconf 82' lang='lat' dir='ltr'><strong>solent,</strong></span> <span class='ocrx_word' id='word_1_5' title='bbox 1055 621 1121 699; x_wconf 93' lang='lat' dir='ltr'><strong>ego</strong></span> <span class='ocrx_word' id='word_1_6' title='bbox 1139 593 1250 670; x_wconf 88' lang='lat' dir='ltr'><strong>laetor</strong></span> <span class='ocrx_word' id='word_1_7' title='bbox 1271 626 1278 666; x_wconf 91' lang='lat'><strong>:</strong></span> <span class='ocrx_word' id='word_1_8' title='bbox 1303 592 1420 668; x_wconf 85' lang='lat' dir='ltr'><strong>fuerit</strong></span> <span class='ocrx_word' id='word_1_9' title='bbox 1441 591 1539 668; x_wconf 87' lang='lat' dir='ltr'><strong>mihi</strong></span> <span class='ocrx_word' id='word_1_10' title='bbox 1559 591 1700 697; x_wconf 77' lang='lat' dir='ltr'>eguisse</span> <span class='ocrx_word' id='word_1_11' title='bbox 1723 587 2046 694; x_wconf 85' lang='lat' dir='ltr'><strong>aliquandoami-</strong></span> 
     </span>
     <span class='ocr_line' id='line_1_3' title="bbox 642 711 2045 823; baseline -0.007 -28"><span class='ocrx_word' id='word_1_12' title='bbox 642 714 742 795; x_wconf 80' lang='lat' dir='ltr'><strong>cit&#39;iae</strong></span> <span class='ocrx_word' id='word_1_13' title='bbox 766 735 858 808; x_wconf 86' lang='lat' dir='ltr'><strong>tuae,</strong></span> <span class='ocrx_word' id='word_1_14' title='bbox 873 745 951 821; x_wconf 86' lang='lat' dir='ltr'><strong>qua</strong></span> <span class='ocrx_word' id='word_1_15' title='bbox 970 718 1077 823; x_wconf 85' lang='lat' dir='ltr'><strong>apud</strong></span> <span class='ocrx_word' id='word_1_16' title='bbox 1096 717 1274 792; x_wconf 89' lang='lat' dir='ltr'><strong>animum</strong></span> <span class='ocrx_word' id='word_1_17' title='bbox 1293 740 1422 790; x_wconf 88' lang='lat' dir='ltr'><strong>meum</strong></span> <span class='ocrx_word' id='word_1_18' title='bbox 1444 714 1545 791; x_wconf 89' lang='lat' dir='ltr'><strong>nihil</strong></span> <span class='ocrx_word' id='word_1_19' title='bbox 1568 715 1693 789; x_wconf 76' lang='lat' dir='ltr'><strong>carius</strong></span> <span class='ocrx_word' id='word_1_20' title='bbox 1713 711 1846 792; x_wconf 86' lang='lat' dir='ltr'><strong>habeo.</strong></span> <span class='ocrx_word' id='word_1_21' title='bbox 1885 713 1931 788; x_wconf 88' lang='lat' dir='ltr'><strong>ld</strong></span> <span class='ocrx_word' id='word_1_22' title='bbox 1951 711 2045 786; x_wconf 86' lang='lat' dir='ltr'><strong>adeo</strong></span> 
     </span>
     <span class='ocr_line' id='line_1_4' title="bbox 642 835 2043 944; baseline -0.006 -29"><span class='ocrx_word' id='word_1_23' title='bbox 642 841 803 944; x_wconf 83' lang='lat' dir='ltr'><strong>experiri</strong></span> <span class='ocrx_word' id='word_1_24' title='bbox 820 840 935 916; x_wconf 85' lang='lat' dir='ltr'><strong>licet:</strong></span> <span class='ocrx_word' id='word_1_25' title='bbox 961 867 1092 931; x_wconf 88' lang='lat' dir='ltr'><strong>arma,</strong></span> <span class='ocrx_word' id='word_1_26' title='bbox 1112 839 1229 928; x_wconf 83' lang='lat' dir='ltr'><strong>viros,</strong></span> <span class='ocrx_word' id='word_1_27' title='bbox 1250 838 1477 942; x_wconf 87' lang='lat' dir='ltr'><strong>pecuniam,</strong></span> <span class='ocrx_word' id='word_1_28' title='bbox 1496 853 1685 941; x_wconf 82' lang='lat' dir='ltr'><strong>postremo</strong></span> <span class='ocrx_word' id='word_1_29' title='bbox 1706 835 1895 941; x_wconf 88' lang='lat' dir='ltr'><strong>quicquid</strong></span> <span class='ocrx_word' id='word_1_30' title='bbox 1912 835 2043 911; x_wconf 88' lang='lat' dir='ltr'><strong>animo</strong></span> 
     </span>
     <span class='ocr_line' id='line_1_5' title="bbox 640 958 2041 1063; baseline -0.006 -25"><span class='ocrx_word' id='word_1_31' title='bbox 640 961 767 1063; x_wconf 77' lang='lat' dir='ltr'><strong>lubet,</strong></span> <span class='ocrx_word' id='word_1_32' title='bbox 791 988 914 1052; x_wconf 80' lang='lat' dir='ltr'><strong>sume,</strong></span> <span class='ocrx_word' id='word_1_33' title='bbox 940 975 1073 1038; x_wconf 85' lang='lat' dir='ltr'><strong>utere:</strong></span> <span class='ocrx_word' id='word_1_34' title='bbox 1100 976 1161 1051; x_wconf 88' lang='lat' dir='ltr'><strong>et,</strong></span> <span class='ocrx_word' id='word_1_35' title='bbox 1188 959 1317 1063; x_wconf 58' lang='lat' dir='ltr'><strong>quom</strong></span> <span class='ocrx_word' id='word_1_36' title='bbox 1342 959 1459 1051; x_wconf 77' lang='lat' dir='ltr'><strong>vives,</strong></span> <span class='ocrx_word' id='word_1_37' title='bbox 1484 986 1700 1062; x_wconf 77' lang='lat' dir='ltr'><strong>numquam</strong></span> <span class='ocrx_word' id='word_1_38' title='bbox 1725 960 1831 1062; x_wconf 88' lang='lat' dir='ltr'><strong>[tibi]</strong></span> <span class='ocrx_word' id='word_1_39' title='bbox 1851 958 2041 1035; x_wconf 84' lang='lat' dir='ltr'><strong>redditam</strong></span> 
     </span>
     <span class='ocr_line' id='line_1_6' title="bbox 640 1078 2043 1188; baseline -0.005 -30"><span class='ocrx_word' id='word_1_40' title='bbox 640 1085 802 1186; x_wconf 80' lang='lat' dir='ltr'><strong>gratiam</strong></span> <span class='ocrx_word' id='word_1_41' title='bbox 827 1085 1036 1188; x_wconf 82' lang='lat' dir='ltr'><strong>putaveris3</strong></span> <span class='ocrx_word' id='word_1_42' title='bbox 1062 1109 1209 1186; x_wconf 82' lang='lat' dir='ltr'><strong>semper</strong></span> <span class='ocrx_word' id='word_1_43' title='bbox 1227 1083 1332 1186; x_wconf 87' lang='lat' dir='ltr'><strong>apud</strong></span> <span class='ocrx_word' id='word_1_44' title='bbox 1351 1109 1413 1160; x_wconf 87' lang='lat' dir='ltr'><strong>me</strong></span> <span class='ocrx_word' id='word_1_45' title='bbox 1433 1083 1579 1188; x_wconf 84' lang='lat' dir='ltr'><strong>integra</strong></span> <span class='ocrx_word' id='word_1_46' title='bbox 1606 1083 1704 1158; x_wconf 86' lang='lat' dir='ltr'><strong>erit:</strong></span> <span class='ocrx_word' id='word_1_47' title='bbox 1729 1082 1897 1185; x_wconf 86' lang='lat' dir='ltr'><strong>denique</strong></span> <span class='ocrx_word' id='word_1_48' title='bbox 1923 1078 2043 1168; x_wconf 87' lang='lat' dir='ltr'><strong>nihil,</strong></span> 
     </span>
     <span class='ocr_line' id='line_1_7' title="bbox 639 1204 2045 1310; baseline -0.002 -30"><span class='ocrx_word' id='word_1_49' title='bbox 639 1216 700 1280; x_wconf 75' lang='lat' dir='ltr'><strong>nie</strong></span> <span class='ocrx_word' id='word_1_50' title='bbox 727 1208 893 1298; x_wconf 75' lang='lat' dir='ltr'><strong>sciente,</strong></span> <span class='ocrx_word' id='word_1_51' title='bbox 918 1206 1058 1280; x_wconf 84' lang='lat' dir='ltr'><strong>frustra</strong></span> <span class='ocrx_word' id='word_1_52' title='bbox 1089 1205 1195 1280; x_wconf 76' lang='lat' dir='ltr'><strong>voles.</strong></span> <span class='ocrx_word' id='word_1_53' title='bbox 1247 1208 1370 1294; x_wconf 87' lang='lat' dir='ltr'><strong>Nam,</strong></span> <span class='ocrx_word' id='word_1_54' title='bbox 1405 1223 1451 1280; x_wconf 88' lang='lat' dir='ltr'><strong>ut</strong></span> <span class='ocrx_word' id='word_1_55' title='bbox 1477 1231 1544 1310; x_wconf 92' lang='lat' dir='ltr'><strong>ego</strong></span> <span class='ocrx_word' id='word_1_56' title='bbox 1570 1222 1748 1296; x_wconf 82' lang='lat' dir='ltr'><strong>aestumo,</strong></span> <span class='ocrx_word' id='word_1_57' title='bbox 1777 1231 1904 1310; x_wconf 80' lang='lat' dir='ltr'><strong>regem</strong></span> <span class='ocrx_word' id='word_1_58' title='bbox 1931 1204 2045 1278; x_wconf 81' lang='lat' dir='ltr'><strong>armis</strong></span> 
     </span>
     <span class='ocr_line' id='line_1_8' title="bbox 639 1311 2043 1434; baseline -0.002 -31"><span class='ocrx_word' id='word_1_59' title='bbox 639 1356 759 1432; x_wconf 89' lang='lat' dir='ltr'><strong>quam</strong></span> <span class='ocrx_word' id='word_1_60' title='bbox 778 1328 1042 1404; x_wconf 80' lang='lat' dir='ltr'><strong>munificentia</strong></span> <span class='ocrx_word' id='word_1_61' title='bbox 1065 1327 1166 1401; x_wconf 88' lang='lat' dir='ltr'><strong>vinci</strong></span> <span class='ocrx_word' id='word_1_62' title='bbox 1191 1329 1322 1402; x_wconf 80' lang='lat' dir='ltr'><strong>minus</strong></span> <span class='ocrx_word' id='word_1_63' title='bbox 1345 1327 1576 1434; x_wconf 84' lang='lat' dir='ltr'><strong>flagitiosum</strong></span> <span class='ocrx_word' id='word_1_64' title='bbox 1603 1345 1665 1402; x_wconf 85' lang='lat' dir='ltr'><strong>est</strong></span> <span class='ocrx_word' id='word_1_65' title='bbox 1719 1332 1897 1403; x_wconf 89' lang='lat' dir='ltr'><strong>Ceterum</strong></span> <span class='ocrx_word' id='word_1_66' title='bbox 1917 1311 2043 1402; x_wconf 86' lang='lat' dir='ltr'><strong>dere-</strong></span> 
     </span>
     <span class='ocr_line' id='line_1_9' title="bbox 638 1449 2042 1556; baseline -0.005 -27"><span class='ocrx_word' id='word_1_67' title='bbox 638 1453 795 1556; x_wconf 87' lang='lat' dir='ltr'><strong>publica</strong></span> <span class='ocrx_word' id='word_1_68' title='bbox 813 1469 952 1541; x_wconf 84' lang='lat' dir='ltr'><strong>vestra,</strong></span> <span class='ocrx_word' id='word_1_69' title='bbox 974 1452 1083 1526; x_wconf 84' lang='lat' dir='ltr'><strong>cuius</strong></span> <span class='ocrx_word' id='word_1_70' title='bbox 1107 1467 1261 1526; x_wconf 85' lang='lat' dir='ltr'><strong>curator</strong></span> <span class='ocrx_word' id='word_1_71' title='bbox 1277 1449 1356 1526; x_wconf 84' lang='lat' dir='ltr'><strong>huc</strong></span> <span class='ocrx_word' id='word_1_72' title='bbox 1386 1453 1517 1526; x_wconf 75' lang='lat' dir='ltr'><strong>missus</strong></span> <span class='ocrx_word' id='word_1_73' title='bbox 1537 1477 1593 1541; x_wconf 86' lang='lat' dir='ltr'><strong>es,</strong></span> <span class='ocrx_word' id='word_1_74' title='bbox 1618 1450 1750 1555; x_wconf 81' lang='lat' dir='ltr'><strong>paucis</strong></span> <span class='ocrx_word' id='word_1_75' title='bbox 1775 1451 1912 1554; x_wconf 82' lang='lat' dir='ltr'><strong>accipe.</strong></span> <span class='ocrx_word' id='word_1_76' title='bbox 1963 1449 2042 1524; x_wconf 88' lang='lat' dir='ltr'><strong>Bel-</strong></span> 
     </span>
     <span class='ocr_line' id='line_1_10' title="bbox 638 1572 2042 1679; baseline -0.002 -32"><span class='ocrx_word' id='word_1_77' title='bbox 638 1574 722 1650; x_wconf 90' lang='lat' dir='ltr'><strong>lum</strong></span> <span class='ocrx_word' id='word_1_78' title='bbox 739 1601 805 1679; x_wconf 86' lang='lat' dir='ltr'><strong>ego</strong></span> <span class='ocrx_word' id='word_1_79' title='bbox 825 1574 970 1679; x_wconf 86' lang='lat' dir='ltr'><strong>populo</strong></span> <span class='ocrx_word' id='word_1_80' title='bbox 991 1577 1164 1649; x_wconf 88' lang='lat' dir='ltr'><strong>Romano</strong></span> <span class='ocrx_word' id='word_1_81' title='bbox 1184 1599 1311 1676; x_wconf 84' lang='lat' dir='ltr'><strong>neque</strong></span> <span class='ocrx_word' id='word_1_82' title='bbox 1332 1573 1405 1648; x_wconf 77' lang='lat' dir='ltr'><strong>feci</strong></span> <span class='ocrx_word' id='word_1_83' title='bbox 1418 1631 1439 1662; x_wconf 90' lang='grc'><strong>,.</strong></span> <span class='ocrx_word' id='word_1_84' title='bbox 1454 1599 1579 1676; x_wconf 80' lang='lat' dir='ltr'><strong>neque</strong></span> <span class='ocrx_word' id='word_1_85' title='bbox 1606 1572 1752 1647; x_wconf 77' lang='lat' dir='ltr'><strong>factum</strong></span> <span class='ocrx_word' id='word_1_86' title='bbox 1769 1600 1957 1676; x_wconf 84' lang='lat' dir='ltr'><strong>umquam</strong></span> <span class='ocrx_word' id='word_1_87' title='bbox 1979 1597 2042 1646; x_wconf 87' lang='lat' dir='ltr'><strong>vo-</strong></span> 
     </span>
     <span class='ocr_line' id='line_1_11' title="bbox 638 1695 2038 1786; baseline 0 -16"><span class='ocrx_word' id='word_1_88' title='bbox 638 1697 695 1772; x_wconf 93' lang='lat' dir='ltr'><strong>lui</strong></span> <span class='ocrx_word' id='word_1_89' title='bbox 722 1731 729 1770; x_wconf 90' lang='lat'>:</span> <span class='ocrx_word' id='word_1_90' title='bbox 756 1697 841 1771; x_wconf 89' lang='lat' dir='ltr'><strong>linis</strong></span> <span class='ocrx_word' id='word_1_91' title='bbox 861 1723 962 1772; x_wconf 87' lang='lat' dir='ltr'><strong>meos</strong></span> <span class='ocrx_word' id='word_1_92' title='bbox 983 1697 1186 1772; x_wconf 83' lang='lat' dir='ltr'><strong>advorsum</strong></span> <span class='ocrx_word' id='word_1_93' title='bbox 1202 1711 1366 1771; x_wconf 87' lang='lat' dir='ltr'><strong>armatos</strong></span> <span class='ocrx_word' id='word_1_94' title='bbox 1386 1695 1500 1770; x_wconf 85' lang='lat' dir='ltr'><strong>armis</strong></span> <span class='ocrx_word' id='word_1_95' title='bbox 1519 1711 1663 1770; x_wconf 86' lang='lat' dir='ltr'><strong>tutatus</strong></span> <span class='ocrx_word' id='word_1_96' title='bbox 1683 1721 1776 1772; x_wconf 83' lang='lat' dir='ltr'><strong>aum.</strong></span> <span class='ocrx_word' id='word_1_97' title='bbox 1827 1697 1873 1772; x_wconf 92' lang='lat' dir='ltr'><strong>Id</strong></span> <span class='ocrx_word' id='word_1_98' title='bbox 1890 1697 2038 1786; x_wconf 86' lang='lat' dir='ltr'><strong>omitto,</strong></span> 
     </span>
     <span class='ocr_line' id='line_1_12' title="bbox 637 1815 2039 1926; baseline 0 -34"><span class='ocrx_word' id='word_1_99' title='bbox 637 1820 793 1922; x_wconf 84' lang='lat' dir='ltr'><strong>quando</strong></span> <span class='ocrx_word' id='word_1_100' title='bbox 812 1818 917 1893; x_wconf 81' lang='lat' dir='ltr'><strong>vobis</strong></span> <span class='ocrx_word' id='word_1_101' title='bbox 937 1819 989 1892; x_wconf 85' lang='lat' dir='ltr'><strong>ita</strong></span> <span class='ocrx_word' id='word_1_102' title='bbox 1014 1819 1168 1921; x_wconf 88' lang='lat' dir='ltr'><strong>placet:</strong></span> <span class='ocrx_word' id='word_1_103' title='bbox 1194 1818 1327 1922; x_wconf 87' lang='lat' dir='ltr'><strong>gerite,</strong></span> <span class='ocrx_word' id='word_1_104' title='bbox 1355 1817 1460 1919; x_wconf 86' lang='lat' dir='ltr'><strong>quod</strong></span> <span class='ocrx_word' id='word_1_105' title='bbox 1480 1818 1613 1908; x_wconf 83' lang='lat' dir='ltr'><strong>voltis,</strong></span> <span class='ocrx_word' id='word_1_106' title='bbox 1638 1845 1728 1894; x_wconf 91' lang='lat' dir='ltr'><strong>cum</strong></span> <span class='ocrx_word' id='word_1_107' title='bbox 1751 1818 1939 1926; x_wconf 80' lang='lat' dir='ltr'><strong>Iugurtha</strong></span> <span class='ocrx_word' id='word_1_108' title='bbox 1963 1815 2039 1894; x_wconf 91' lang='lat' dir='ltr'><strong>bel-</strong></span> 
     </span>
     <span class='ocr_line' id='line_1_13' title="bbox 638 1938 2163 2048; baseline 0.001 -34"><span class='ocrx_word' id='word_1_109' title='bbox 638 1943 728 2016; x_wconf 89' lang='lat' dir='ltr'><strong>lum</strong></span> <span class='ocrx_word' id='word_1_110' title='bbox 763 1945 841 2046; x_wconf 87' lang='lat' dir='ltr'><strong>Ego</strong></span> <span class='ocrx_word' id='word_1_111' title='bbox 870 1941 1015 2016; x_wconf 86' lang='lat' dir='ltr'><strong>flumen</strong></span> <span class='ocrx_word' id='word_1_112' title='bbox 1043 1938 1285 2030; x_wconf 89' lang='lat' dir='ltr'><strong>Mulucham,</strong></span> <span class='ocrx_word' id='word_1_113' title='bbox 1311 1940 1417 2040; x_wconf 86' lang='lat' dir='ltr'><strong>quod</strong></span> <span class='ocrx_word' id='word_1_114' title='bbox 1434 1941 1537 2016; x_wconf 87' lang='lat' dir='ltr'><strong>inter</strong></span> <span class='ocrx_word' id='word_1_115' title='bbox 1559 1968 1621 2016; x_wconf 91' lang='lat' dir='ltr'><strong>me</strong></span> <span class='ocrx_word' id='word_1_116' title='bbox 1642 1958 1681 2016; x_wconf 88' lang='lat' dir='ltr'><strong>et</strong></span> <span class='ocrx_word' id='word_1_117' title='bbox 1701 1943 1901 2048; x_wconf 80' lang='lat' dir='ltr'><strong>Micipsam</strong></span> <span class='ocrx_word' id='word_1_118' title='bbox 1933 1942 2040 2032; x_wconf 83' lang='lat' dir='ltr'><strong>fuit,</strong></span> <span class='ocrx_word' id='word_1_119' title='bbox 2160 2038 2163 2046; x_wconf 81' lang='lat'>.</span> 
     </span>
     <span class='ocr_line' id='line_1_14' title="bbox 638 2061 2039 2170; baseline 0.001 -31"><span class='ocrx_word' id='word_1_120' title='bbox 638 2093 718 2139; x_wconf 92' lang='lat' dir='ltr'><strong>non</strong></span> <span class='ocrx_word' id='word_1_121' title='bbox 732 2063 921 2168; x_wconf 84' lang='lat' dir='ltr'><strong>egrediar,</strong></span> <span class='ocrx_word' id='word_1_122' title='bbox 935 2089 1060 2166; x_wconf 90' lang='lat' dir='ltr'><strong>neque</strong></span> <span class='ocrx_word' id='word_1_123' title='bbox 1076 2061 1304 2167; x_wconf 88' lang='lat' dir='ltr'><strong>Iugurtham</strong></span> <span class='ocrx_word' id='word_1_124' title='bbox 1320 2062 1361 2137; x_wconf 84' lang='lat' dir='ltr'><strong>id</strong></span> <span class='ocrx_word' id='word_1_125' title='bbox 1373 2063 1519 2138; x_wconf 85' lang='lat' dir='ltr'><strong>intrare</strong></span> <span class='ocrx_word' id='word_1_126' title='bbox 1537 2066 1671 2139; x_wconf 82' lang='lat' dir='ltr'><strong>sinam.</strong></span> <span class='ocrx_word' id='word_1_127' title='bbox 1695 2069 1876 2141; x_wconf 80' lang='lat' dir='ltr'><strong>Praeterea</strong></span> <span class='ocrx_word' id='word_1_128' title='bbox 1897 2066 1929 2142; x_wconf 89' lang='lat' dir='ltr'><strong>si</strong></span> <span class='ocrx_word' id='word_1_129' title='bbox 1945 2065 2039 2170; x_wconf 81' lang='lat' dir='ltr'><strong>quid</strong></span> 
     </span>
     <span class='ocr_line' id='line_1_15' title="bbox 635 2183 1885 2293; baseline 0.002 -31"><span class='ocrx_word' id='word_1_130' title='bbox 635 2215 772 2290; x_wconf 87' lang='lat' dir='ltr'><strong>meque</strong></span> <span class='ocrx_word' id='word_1_131' title='bbox 791 2188 973 2290; x_wconf 81' lang='lat' dir='ltr'><strong>vobisque</strong></span> <span class='ocrx_word' id='word_1_132' title='bbox 996 2187 1158 2291; x_wconf 87' lang='lat' dir='ltr'><strong>dignum</strong></span> <span class='ocrx_word' id='word_1_133' title='bbox 1183 2185 1374 2289; x_wconf 75' lang='lat' dir='ltr'><strong>petiverit,</strong></span> <span class='ocrx_word' id='word_1_134' title='bbox 1398 2183 1506 2261; x_wconf 87' lang='lat' dir='ltr'><strong>haud</strong></span> <span class='ocrx_word' id='word_1_135' title='bbox 1521 2189 1694 2293; x_wconf 84' lang='lat' dir='ltr'><strong>repulsus</strong></span> <span class='ocrx_word' id='word_1_136' title='bbox 1714 2190 1845 2266; x_wconf 78' lang='lat' dir='ltr'><strong>abibia</strong></span> <span class='ocrx_word' id='word_1_137' title='bbox 1869 2195 1885 2227; x_wconf 85' lang='lat'><strong>’&#39;</strong></span> 
     </span>
    </p>

    <p class='ocr_par' dir='ltr' id='par_1_3' title="bbox 570 2308 2039 2663">
     <span class='ocr_line' id='line_1_16' title="bbox 570 2308 2038 2416; baseline 0.004 -34"><span class='ocrx_word' id='word_1_138' title='bbox 570 2331 622 2369; x_wconf 83' lang='lat'><strong>111</strong></span> <span class='ocrx_word' id='word_1_139' title='bbox 736 2310 859 2385; x_wconf 83' lang='lat' dir='ltr'><strong>Adeo</strong></span> <span class='ocrx_word' id='word_1_140' title='bbox 887 2309 993 2384; x_wconf 91' lang='lat' dir='ltr'><strong>Sulla</strong></span> <span class='ocrx_word' id='word_1_141' title='bbox 1017 2335 1087 2412; x_wconf 90' lang='lat' dir='ltr'><strong>pro</strong></span> <span class='ocrx_word' id='word_1_142' title='bbox 1110 2333 1148 2384; x_wconf 91' lang='lat' dir='ltr'><strong>se</strong></span> <span class='ocrx_word' id='word_1_143' title='bbox 1160 2308 1326 2384; x_wconf 77' lang='lat' dir='ltr'><strong>breuiter</strong></span> <span class='ocrx_word' id='word_1_144' title='bbox 1347 2323 1385 2382; x_wconf 88' lang='lat' dir='ltr'><strong>et</strong></span> <span class='ocrx_word' id='word_1_145' title='bbox 1406 2309 1573 2400; x_wconf 88' lang='lat' dir='ltr'><strong>modice,</strong></span> <span class='ocrx_word' id='word_1_146' title='bbox 1592 2311 1640 2388; x_wconf 86' lang='lat' dir='ltr'><strong>de</strong></span> <span class='ocrx_word' id='word_1_147' title='bbox 1654 2338 1747 2416; x_wconf 86' lang='lat' dir='ltr'><strong>pace</strong></span> <span class='ocrx_word' id='word_1_148' title='bbox 1758 2329 1796 2388; x_wconf 91' lang='lat' dir='ltr'><strong>et</strong></span> <span class='ocrx_word' id='word_1_149' title='bbox 1810 2312 1859 2389; x_wconf 87' lang='lat' dir='ltr'><strong>de</strong></span> <span class='ocrx_word' id='word_1_150' title='bbox 1870 2339 2038 2388; x_wconf 92' lang='lat' dir='ltr'><strong>commu·</strong></span> 
     </span>
     <span class='ocr_line' id='line_1_17' title="bbox 636 2431 2039 2540; baseline 0.002 -34"><span class='ocrx_word' id='word_1_151' title='bbox 636 2433 750 2506; x_wconf 89' lang='lat' dir='ltr'><strong>nibus</strong></span> <span class='ocrx_word' id='word_1_152' title='bbox 773 2432 885 2507; x_wconf 77' lang='lat' dir='ltr'><strong>rebus</strong></span> <span class='ocrx_word' id='word_1_153' title='bbox 901 2433 1031 2506; x_wconf 88' lang='lat' dir='ltr'><strong>multis</strong></span> <span class='ocrx_word' id='word_1_154' title='bbox 1052 2431 1234 2506; x_wconf 82' lang='lat' dir='ltr'><strong>disseruit</strong></span> <span class='ocrx_word' id='word_1_155' title='bbox 1285 2431 1464 2534; x_wconf 84' lang='lat' dir='ltr'><strong>Denique</strong></span> <span class='ocrx_word' id='word_1_156' title='bbox 1484 2433 1560 2538; x_wconf 92' lang='lat' dir='ltr'><strong>regi</strong></span> <span class='ocrx_word' id='word_1_157' title='bbox 1579 2435 1774 2537; x_wconf 82' lang='lat' dir='ltr'><strong>patefecit,</strong></span> <span class='ocrx_word' id='word_1_158' title='bbox 1801 2435 1937 2539; x_wconf 83' lang='lat' dir='ltr'><strong>„quod</strong></span> <span class='ocrx_word' id='word_1_159' title='bbox 1957 2437 2039 2540; x_wconf 91' lang='lat' dir='ltr'><strong>pol·</strong></span> 
     </span>
     <span class='ocr_line' id='line_1_18' title="bbox 635 2553 2037 2663; baseline 0.004 -35"><span class='ocrx_word' id='word_1_160' title='bbox 635 2556 821 2644; x_wconf 81' lang='lat' dir='ltr'><strong>liceatur,</strong></span> <span class='ocrx_word' id='word_1_161' title='bbox 844 2557 1026 2632; x_wconf 84' lang='lat' dir='ltr'><strong>Senatum</strong></span> <span class='ocrx_word' id='word_1_162' title='bbox 1046 2571 1085 2629; x_wconf 88' lang='lat' dir='ltr'><strong>et</strong></span> <span class='ocrx_word' id='word_1_163' title='bbox 1111 2553 1302 2658; x_wconf 90' lang='lat' dir='ltr'><strong>populum</strong></span> <span class='ocrx_word' id='word_1_164' title='bbox 1326 2555 1563 2646; x_wconf 87' lang='lat' dir='ltr'><strong>Romanum,</strong></span> <span class='ocrx_word' id='word_1_165' title='bbox 1586 2559 1771 2659; x_wconf 87' lang='lat' dir='ltr'><strong>quoniam</strong></span> <span class='ocrx_word' id='word_1_166' title='bbox 1795 2559 1961 2663; x_wconf 89' lang='lat' dir='ltr'><strong>amplius</strong></span> <span class='ocrx_word' id='word_1_167' title='bbox 1980 2588 2037 2634; x_wconf 89' lang='lat' dir='ltr'><strong>ar-</strong></span> 
     </span>
    </p>
   </div>
   <div class='ocr_carea' id='block_1_3' title="bbox 636 2674 2036 2786">
    <p class='ocr_par' dir='ltr' id='par_1_4' title="bbox 636 2674 2036 2786">
     <span class='ocr_line' id='line_1_19' title="bbox 636 2674 2036 2786; baseline 0.003 -32"><span class='ocrx_word' id='word_1_168' title='bbox 636 2679 707 2754; x_wconf 86' lang='lat' dir='ltr'><strong>mis</strong></span> <span class='ocrx_word' id='word_1_169' title='bbox 737 2677 956 2767; x_wconf 74' lang='lat' dir='ltr'><strong>valuissent,</strong></span> <span class='ocrx_word' id='word_1_170' title='bbox 983 2704 1064 2752; x_wconf 90' lang='lat' dir='ltr'><strong>non</strong></span> <span class='ocrx_word' id='word_1_171' title='bbox 1095 2677 1138 2752; x_wconf 89' lang='lat' dir='ltr'><strong>in</strong></span> <span class='ocrx_word' id='word_1_172' title='bbox 1167 2677 1331 2782; x_wconf 83' lang='lat' dir='ltr'><strong>gratiam</strong></span> <span class='ocrx_word' id='word_1_173' title='bbox 1365 2674 1591 2753; x_wconf 85' lang='lat' dir='ltr'><strong>habituros:</strong></span> <span class='ocrx_word' id='word_1_174' title='bbox 1617 2679 1845 2758; x_wconf 87' lang='lat' dir='ltr'><strong>faciundum</strong></span> <span class='ocrx_word' id='word_1_175' title='bbox 1868 2683 2036 2786; x_wconf 74' lang='lat' dir='ltr'><strong>aliquid,</strong></span> 
     </span>
    </p>
   </div>
   <div class='ocr_carea' id='block_1_4' title="bbox 609 2854 2040 3987">
    <p class='ocr_par' dir='ltr' id='par_1_5' title="bbox 609 2854 2040 3987">
     <span class='ocr_line' id='line_1_20' title="bbox 696 2854 2040 2942; baseline 0.005 -28"><span class='ocrx_word' id='word_1_176' title='bbox 696 2855 769 2936; x_wconf 82' lang='lat' dir='ltr'><strong>Cap.</strong></span> <span class='ocrx_word' id='word_1_177' title='bbox 786 2879 854 2916; x_wconf 80' lang='lat' dir='ltr'><strong>rio.</strong></span> <span class='ocrx_word' id='word_1_178' title='bbox 876 2857 1039 2916; x_wconf 79' lang='lat' dir='ltr'><strong>mehercule</strong></span> <span class='ocrx_word' id='word_1_179' title='bbox 1048 2855 1111 2916; x_wconf 80' lang='lat' dir='ltr'><strong>Bae.</strong></span> <span class='ocrx_word' id='word_1_180' title='bbox 1125 2877 1152 2914; x_wconf 88' lang='grc' dir='ltr'><strong>ι.</strong></span> <span class='ocrx_word' id='word_1_181' title='bbox 1175 2855 1260 2915; x_wconf 88' lang='lat' dir='ltr'><strong>Bern.</strong></span> <span class='ocrx_word' id='word_1_182' title='bbox 1276 2877 1300 2913; x_wconf 85' lang='lat' dir='ltr'><strong>r.</strong></span> <span class='ocrx_word' id='word_1_183' title='bbox 1311 2855 1339 2926; x_wconf 86' lang='grc'><strong>4.</strong></span> <span class='ocrx_word' id='word_1_184' title='bbox 1357 2855 1454 2916; x_wconf 78' lang='lat' dir='ltr'><strong>hercle</strong></span> <span class='ocrx_word' id='word_1_185' title='bbox 1464 2854 1526 2915; x_wconf 84' lang='lat' dir='ltr'><strong>Bae.</strong></span> <span class='ocrx_word' id='word_1_186' title='bbox 1541 2857 1570 2928; x_wconf 99' lang='grc'><strong>4.</strong></span> <span class='ocrx_word' id='word_1_187' title='bbox 1591 2857 1707 2920; x_wconf 76' lang='lat' dir='ltr'><strong>horride</strong></span> <span class='ocrx_word' id='word_1_188' title='bbox 1716 2864 1812 2922; x_wconf 86' lang='lat' dir='ltr'><strong>ceteri.</strong></span> <span class='ocrx_word' id='word_1_189' title='bbox 1833 2862 1910 2922; x_wconf 80' lang='lat' dir='ltr'><strong>rutili</strong></span> <span class='ocrx_word' id='word_1_190' title='bbox 1923 2861 2040 2942; x_wconf 81' lang='lat' dir='ltr'><strong>indigui</strong></span> 
     </span>
     <span class='ocr_line' id='line_1_21' title="bbox 633 2959 2034 3048; baseline 0.005 -30"><span class='ocrx_word' id='word_1_191' title='bbox 633 2959 730 3019; x_wconf 83' lang='lat' dir='ltr'><strong>Gueli.</strong></span> <span class='ocrx_word' id='word_1_192' title='bbox 744 2961 771 3024; x_wconf 83' lang='lat'><strong>6.</strong></span> <span class='ocrx_word' id='word_1_193' title='bbox 785 2959 892 3020; x_wconf 73' lang='lat' dir='ltr'><strong>nullius</strong></span> <span class='ocrx_word' id='word_1_194' title='bbox 903 2959 1022 3038; x_wconf 75' lang='lat' dir='ltr'><strong>iucu&#39;gua</strong></span> <span class='ocrx_word' id='word_1_195' title='bbox 1035 2959 1097 3020; x_wconf 80' lang='lat' dir='ltr'><strong>But.</strong></span> <span class='ocrx_word' id='word_1_196' title='bbox 1112 2981 1137 3019; x_wconf 85' lang='lat'><strong>1.</strong></span> <span class='ocrx_word' id='word_1_197' title='bbox 1150 2959 1270 3030; x_wconf 65' lang='lat' dir='ltr'><strong>Remi.</strong></span> <span class='ocrx_word' id='word_1_198' title='bbox 1283 2959 1400 3040; x_wconf 76' lang='lat' dir='ltr'><strong>indigui</strong></span> <span class='ocrx_word' id='word_1_199' title='bbox 1407 2961 1605 3037; x_wconf 65' lang='lat' dir='ltr'><strong>coloriferam!</strong></span> <span class='ocrx_word' id='word_1_200' title='bbox 1616 2963 1823 3044; x_wconf 78' lang='lat' dir='ltr'><strong>mihipretium</strong></span> <span class='ocrx_word' id='word_1_201' title='bbox 1832 2971 1931 3048; x_wconf 79' lang='lat' dir='ltr'><strong>vulgo.</strong></span> <span class='ocrx_word' id='word_1_202' title='bbox 1948 2969 2034 3028; x_wconf 74' lang='lat' dir='ltr'><strong>ande.</strong></span> 
     </span>
     <span class='ocr_line' id='line_1_22' title="bbox 609 3061 2034 3153; baseline 0.006 -30"><span class='ocrx_word' id='word_1_203' title='bbox 609 3061 613 3073; x_wconf 86' lang='lat'><em>&#39;</em></span> <span class='ocrx_word' id='word_1_204' title='bbox 632 3073 702 3124; x_wconf 62' lang='grc' dir='ltr'><strong>ταῶ.</strong></span> <span class='ocrx_word' id='word_1_205' title='bbox 717 3075 773 3124; x_wconf 80' lang='lat' dir='ltr'><strong>tuce·</strong></span> <span class='ocrx_word' id='word_1_206' title='bbox 785 3086 846 3124; x_wconf 87' lang='lat' dir='ltr'><strong>om.</strong></span> <span class='ocrx_word' id='word_1_207' title='bbox 859 3064 920 3122; x_wconf 80' lang='lat' dir='ltr'><strong>Bao.</strong></span> <span class='ocrx_word' id='word_1_208' title='bbox 936 3085 961 3122; x_wconf 84' lang='lat'><strong>1.</strong></span> <span class='ocrx_word' id='word_1_209' title='bbox 979 3073 1054 3142; x_wconf 81' lang='lat' dir='ltr'><strong>pret.</strong></span> <span class='ocrx_word' id='word_1_210' title='bbox 1071 3073 1129 3125; x_wconf 79' lang='lat' dir='ltr'><strong>tuoe</strong></span> <span class='ocrx_word' id='word_1_211' title='bbox 1142 3064 1230 3124; x_wconf 79' lang='lat' dir='ltr'><strong>amir.</strong></span> <span class='ocrx_word' id='word_1_212' title='bbox 1251 3063 1336 3124; x_wconf 84' lang='lat' dir='ltr'><strong>Bern.</strong></span> <span class='ocrx_word' id='word_1_213' title='bbox 1347 3065 1376 3135; x_wconf 92' lang='grc'><strong>4.</strong></span> <span class='ocrx_word' id='word_1_214' title='bbox 1397 3085 1441 3146; x_wconf 86' lang='lat' dir='ltr'><strong>eg.</strong></span> <span class='ocrx_word' id='word_1_215' title='bbox 1461 3067 1501 3129; x_wconf 87' lang='lat' dir='ltr'><strong>ol.</strong></span> <span class='ocrx_word' id='word_1_216' title='bbox 1517 3075 1591 3145; x_wconf 79' lang='lat' dir='ltr'><strong>pret.</strong></span> <span class='ocrx_word' id='word_1_217' title='bbox 1613 3067 1674 3126; x_wconf 85' lang='lat' dir='ltr'><strong>Bas.</strong></span> <span class='ocrx_word' id='word_1_218' title='bbox 1687 3090 1712 3127; x_wconf 81' lang='lat' dir='ltr'><strong>r.</strong></span> <span class='ocrx_word' id='word_1_219' title='bbox 1728 3069 1811 3131; x_wconf 86' lang='lat' dir='ltr'><strong>Fabr.</strong></span> <span class='ocrx_word' id='word_1_220' title='bbox 1828 3071 1910 3153; x_wconf 85' lang='lat' dir='ltr'><strong>Berg.</strong></span> <span class='ocrx_word' id='word_1_221' title='bbox 1935 3073 1993 3136; x_wconf 86' lang='lat' dir='ltr'><strong>inc.</strong></span> <span class='ocrx_word' id='word_1_222' title='bbox 2010 3095 2034 3131; x_wconf 88' lang='lat'><strong>1.</strong></span> 
     </span>
     <span class='ocr_line' id='line_1_23' title="bbox 632 3167 2035 3255; baseline 0.011 -28"><span class='ocrx_word' id='word_1_223' title='bbox 632 3168 728 3228; x_wconf 84' lang='lat' dir='ltr'><strong>Guels.</strong></span> <span class='ocrx_word' id='word_1_224' title='bbox 738 3169 766 3228; x_wconf 83' lang='grc'><strong>6.</strong></span> <span class='ocrx_word' id='word_1_225' title='bbox 775 3191 803 3249; x_wconf 84' lang='lat'><strong>9.</strong></span> <span class='ocrx_word' id='word_1_226' title='bbox 816 3189 861 3232; x_wconf 86' lang='grc' dir='ltr'><strong>ιο.</strong></span> <span class='ocrx_word' id='word_1_227' title='bbox 872 3167 931 3227; x_wconf 88' lang='lat' dir='ltr'><strong>Pal.</strong></span> <span class='ocrx_word' id='word_1_228' title='bbox 946 3187 973 3228; x_wconf 85' lang='lat' dir='ltr'><strong>a.</strong></span> <span class='ocrx_word' id='word_1_229' title='bbox 986 3167 1014 3228; x_wconf 80' lang='lat'><strong>3.</strong></span> <span class='ocrx_word' id='word_1_230' title='bbox 1026 3189 1054 3248; x_wconf 88' lang='lat'><strong>7.</strong></span> <span class='ocrx_word' id='word_1_231' title='bbox 1075 3167 1304 3248; x_wconf 73' lang='lat' dir='ltr'><strong>operaepretium</strong></span> <span class='ocrx_word' id='word_1_232' title='bbox 1320 3167 1407 3228; x_wconf 83' lang='lat' dir='ltr'><strong>Born.</strong></span> <span class='ocrx_word' id='word_1_233' title='bbox 1422 3188 1447 3227; x_wconf 91' lang='lat'><strong>1.</strong></span> <span class='ocrx_word' id='word_1_234' title='bbox 1460 3170 1492 3245; x_wconf 72' lang='lat' dir='ltr'><strong>f.</strong></span> <span class='ocrx_word' id='word_1_235' title='bbox 1504 3191 1544 3228; x_wconf 89' lang='lat' dir='ltr'><strong>m.</strong></span> <span class='ocrx_word' id='word_1_236' title='bbox 1556 3169 1588 3229; x_wconf 86' lang='lat' dir='ltr'><strong>in</strong></span> <span class='ocrx_word' id='word_1_237' title='bbox 1599 3173 1725 3252; x_wconf 82' lang='lat' dir='ltr'><strong>pretium</strong></span> <span class='ocrx_word' id='word_1_238' title='bbox 1737 3173 1807 3234; x_wconf 89' lang='lat' dir='ltr'><strong>Tur.</strong></span> <span class='ocrx_word' id='word_1_239' title='bbox 1825 3175 1919 3255; x_wconf 82' lang='lat' dir='ltr'><strong>pretio</strong></span> <span class='ocrx_word' id='word_1_240' title='bbox 1935 3181 2035 3242; x_wconf 76' lang='lat' dir='ltr'><strong>Prone.</strong></span> 
     </span>
     <span class='ocr_line' id='line_1_24' title="bbox 629 3271 2033 3352; baseline 0.006 -22"><span class='ocrx_word' id='word_1_241' title='bbox 629 3272 718 3349; x_wconf 83' lang='lat' dir='ltr'><strong>pretii</strong></span> <span class='ocrx_word' id='word_1_242' title='bbox 728 3271 778 3336; x_wconf 78' lang='lat' dir='ltr'><strong>Ac.</strong></span> <span class='ocrx_word' id='word_1_243' title='bbox 790 3273 856 3334; x_wconf 75' lang='lat' dir='ltr'><strong>Eoo.</strong></span> <span class='ocrx_word' id='word_1_244' title='bbox 872 3271 968 3333; x_wconf 84' lang='lat' dir='ltr'><strong>Guell.</strong></span> <span class='ocrx_word' id='word_1_245' title='bbox 984 3294 1010 3332; x_wconf 84' lang='grc' dir='ltr'><strong>ι.</strong></span> <span class='ocrx_word' id='word_1_246' title='bbox 1020 3273 1049 3344; x_wconf 91' lang='grc'><strong>4.</strong></span> <span class='ocrx_word' id='word_1_247' title='bbox 1061 3293 1107 3332; x_wconf 36' lang='grc' dir='ltr'><strong>ιιι.</strong></span> <span class='ocrx_word' id='word_1_248' title='bbox 1130 3273 1188 3332; x_wconf 79' lang='lat' dir='ltr'><strong>l’al.</strong></span> <span class='ocrx_word' id='word_1_249' title='bbox 1200 3272 1265 3332; x_wconf 88' lang='grc'><strong><em>5.6.</em></strong></span> <span class='ocrx_word' id='word_1_250' title='bbox 1282 3271 1411 3352; x_wconf 83' lang='lat' dir='ltr'><strong>prelium</strong></span> <span class='ocrx_word' id='word_1_251' title='bbox 1423 3291 1484 3331; x_wconf 88' lang='lat' dir='ltr'><strong>om.</strong></span> <span class='ocrx_word' id='word_1_252' title='bbox 1499 3273 1556 3334; x_wconf 86' lang='lat' dir='ltr'><strong>Pal.</strong></span> <span class='ocrx_word' id='word_1_253' title='bbox 1565 3276 1594 3340; x_wconf 79' lang='lat'><strong>8,</strong></span> <span class='ocrx_word' id='word_1_254' title='bbox 1606 3287 1634 3336; x_wconf 82' lang='lat' dir='ltr'><strong>et</strong></span> <span class='ocrx_word' id='word_1_255' title='bbox 1647 3288 1749 3338; x_wconf 77' lang='lat' dir='ltr'><strong>retusi.</strong></span> <span class='ocrx_word' id='word_1_256' title='bbox 1761 3278 1848 3352; x_wconf 84' lang='lat' dir='ltr'><strong>Rivii,</strong></span> <span class='ocrx_word' id='word_1_257' title='bbox 1863 3281 2033 3342; x_wconf 68' lang='lat' dir='ltr'><strong>trewaoii.</strong></span> 
     </span>
     <span class='ocr_line' id='line_1_25' title="bbox 632 3375 2034 3471; baseline 0.009 -39"><span class='ocrx_word' id='word_1_258' title='bbox 632 3395 672 3434; x_wconf 87' lang='lat' dir='ltr'><strong>m.</strong></span> <span class='ocrx_word' id='word_1_259' title='bbox 689 3396 718 3434; x_wconf 88' lang='lat' dir='ltr'><strong>a.</strong></span> <span class='ocrx_word' id='word_1_260' title='bbox 736 3397 766 3434; x_wconf 85' lang='lat' dir='ltr'><strong>n.</strong></span> <span class='ocrx_word' id='word_1_261' title='bbox 782 3377 878 3436; x_wconf 76' lang='lat' dir='ltr'><strong>corius</strong></span> <span class='ocrx_word' id='word_1_262' title='bbox 893 3386 932 3436; x_wconf 78' lang='lat' dir='ltr'><strong>eal</strong></span> <span class='ocrx_word' id='word_1_263' title='bbox 954 3375 1330 3471; x_wconf 19' lang='lat' dir='ltr'><strong>Baa.1.1eid.h.Berny.ll.</strong></span> <span class='ocrx_word' id='word_1_264' title='bbox 1362 3396 1416 3456; x_wconf 83' lang='lat' dir='ltr'><strong>ego</strong></span> <span class='ocrx_word' id='word_1_265' title='bbox 1437 3376 1537 3438; x_wconf 76' lang='lat' dir='ltr'><strong>corius</strong></span> <span class='ocrx_word' id='word_1_266' title='bbox 1557 3377 1641 3439; x_wconf 88' lang='lat' dir='ltr'><strong>Bern.</strong></span> <span class='ocrx_word' id='word_1_267' title='bbox 1655 3402 1679 3446; x_wconf 89' lang='grc' dir='ltr'><strong>ι.</strong></span> <span class='ocrx_word' id='word_1_268' title='bbox 1700 3381 1755 3442; x_wconf 83' lang='lat' dir='ltr'><strong>tibi</strong></span> <span class='ocrx_word' id='word_1_269' title='bbox 1768 3385 1852 3443; x_wconf 81' lang='lat' dir='ltr'><strong>redd.</strong></span> <span class='ocrx_word' id='word_1_270' title='bbox 1874 3405 2034 3464; x_wconf 71' lang='lat' dir='ltr'><strong>promam.</strong></span> 
     </span>
     <span class='ocr_line' id='line_1_26' title="bbox 631 3476 2031 3568; baseline 0.009 -32"><span class='ocrx_word' id='word_1_271' title='bbox 631 3476 695 3536; x_wconf 79' lang='lat' dir='ltr'><strong>Bae.</strong></span> <span class='ocrx_word' id='word_1_272' title='bbox 712 3499 736 3535; x_wconf 89' lang='grc' dir='ltr'><strong>ι.</strong></span> <span class='ocrx_word' id='word_1_273' title='bbox 764 3476 860 3542; x_wconf 85' lang='lat' dir='ltr'><strong>Guall.</strong></span> <span class='ocrx_word' id='word_1_274' title='bbox 876 3500 901 3537; x_wconf 89' lang='lat'><strong>1.</strong></span> <span class='ocrx_word' id='word_1_275' title='bbox 923 3479 976 3538; x_wconf 77' lang='lat' dir='ltr'><strong>tibi</strong></span> <span class='ocrx_word' id='word_1_276' title='bbox 995 3490 1075 3558; x_wconf 85' lang='lat' dir='ltr'><strong>grat.</strong></span> <span class='ocrx_word' id='word_1_277' title='bbox 1094 3480 1182 3540; x_wconf 84' lang='lat' dir='ltr'><strong>Bom.</strong></span> <span class='ocrx_word' id='word_1_278' title='bbox 1203 3501 1229 3538; x_wconf 86' lang='lat'><strong>1.</strong></span> <span class='ocrx_word' id='word_1_279' title='bbox 1254 3480 1397 3557; x_wconf 73' lang='lat' dir='ltr'><strong>mintufl.</strong></span> <span class='ocrx_word' id='word_1_280' title='bbox 1412 3489 1452 3540; x_wconf 78' lang='lat' dir='ltr'><strong>eat</strong></span> <span class='ocrx_word' id='word_1_281' title='bbox 1478 3479 1559 3540; x_wconf 73' lang='lat' dir='ltr'><strong>Leid-</strong></span> <span class='ocrx_word' id='word_1_282' title='bbox 1575 3505 1602 3542; x_wconf 89' lang='lat' dir='ltr'><strong>a.</strong></span> <span class='ocrx_word' id='word_1_283' title='bbox 1615 3484 1645 3548; x_wconf 86' lang='lat' dir='ltr'><strong>b.</strong></span> <span class='ocrx_word' id='word_1_284' title='bbox 1660 3483 1690 3543; x_wconf 80' lang='lat' dir='ltr'><strong>el.</strong></span> <span class='ocrx_word' id='word_1_285' title='bbox 1705 3507 1733 3568; x_wconf 82' lang='lat' dir='ltr'><strong>g.</strong></span> <span class='ocrx_word' id='word_1_286' title='bbox 1746 3483 1777 3544; x_wconf 90' lang='lat' dir='ltr'><strong>h.</strong></span> <span class='ocrx_word' id='word_1_287' title='bbox 1790 3488 1809 3545; x_wconf 88' lang='lat' dir='ltr'><strong>i.</strong></span> <span class='ocrx_word' id='word_1_288' title='bbox 1823 3488 1850 3546; x_wconf 88' lang='lat' dir='ltr'><strong>k.</strong></span> <span class='ocrx_word' id='word_1_289' title='bbox 1864 3509 1903 3546; x_wconf 89' lang='lat' dir='ltr'><strong>m.</strong></span> <span class='ocrx_word' id='word_1_290' title='bbox 1931 3487 1993 3548; x_wconf 81' lang='lat' dir='ltr'><strong>Bas.</strong></span> <span class='ocrx_word' id='word_1_291' title='bbox 2008 3511 2031 3548; x_wconf 87' lang='grc' dir='ltr'><strong>ι.</strong></span> 
     </span>
     <span class='ocr_line' id='line_1_27' title="bbox 631 3579 2032 3674; baseline 0.008 -33"><span class='ocrx_word' id='word_1_292' title='bbox 631 3579 716 3641; x_wconf 84' lang='lat' dir='ltr'><strong>Bem.</strong></span> <span class='ocrx_word' id='word_1_293' title='bbox 728 3580 756 3650; x_wconf 91' lang='grc'><strong>4.</strong></span> <span class='ocrx_word' id='word_1_294' title='bbox 777 3591 912 3650; x_wconf 66' lang='lat' dir='ltr'><strong>calamo,</strong></span> <span class='ocrx_word' id='word_1_295' title='bbox 932 3582 1059 3655; x_wconf 76' lang='lat' dir='ltr'><strong>testimo,</strong></span> <span class='ocrx_word' id='word_1_296' title='bbox 1079 3583 1188 3644; x_wconf 72' lang='lat' dir='ltr'><strong>extimo</strong></span> <span class='ocrx_word' id='word_1_297' title='bbox 1206 3587 1339 3644; x_wconf 75' lang='lat' dir='ltr'><strong>meliores</strong></span> <span class='ocrx_word' id='word_1_298' title='bbox 1354 3584 1432 3644; x_wconf 84' lang='lat' dir='ltr'><strong>libri.</strong></span> <span class='ocrx_word' id='word_1_299' title='bbox 1452 3586 1563 3660; x_wconf 72' lang='lat' dir='ltr'><strong>utfinis</strong></span> <span class='ocrx_word' id='word_1_300' title='bbox 1578 3607 1655 3648; x_wconf 82' lang='lat' dir='ltr'><strong>meos</strong></span> <span class='ocrx_word' id='word_1_301' title='bbox 1675 3588 1737 3649; x_wconf 80' lang='lat' dir='ltr'><strong>Bae.</strong></span> <span class='ocrx_word' id='word_1_302' title='bbox 1749 3610 1775 3648; x_wconf 87' lang='grc' dir='ltr'><strong>ι.</strong></span> <span class='ocrx_word' id='word_1_303' title='bbox 1795 3589 1880 3650; x_wconf 83' lang='lat' dir='ltr'><strong>Bern.</strong></span> <span class='ocrx_word' id='word_1_304' title='bbox 1892 3593 1922 3661; x_wconf 90' lang='grc'><strong>4.</strong></span> <span class='ocrx_word' id='word_1_305' title='bbox 1943 3593 2032 3674; x_wconf 79' lang='lat' dir='ltr'><strong>gerite</strong></span> 
     </span>
     <span class='ocr_line' id='line_1_28' title="bbox 631 3683 2032 3787; baseline 0.008 -42"><span class='ocrx_word' id='word_1_306' title='bbox 631 3687 711 3763; x_wconf 82' lang='lat' dir='ltr'><strong>quod</strong></span> <span class='ocrx_word' id='word_1_307' title='bbox 726 3685 811 3745; x_wconf 78' lang='lat' dir='ltr'><strong>volu&#39;s</strong></span> <span class='ocrx_word' id='word_1_308' title='bbox 831 3683 892 3743; x_wconf 80' lang='lat' dir='ltr'><strong>Bm.</strong></span> <span class='ocrx_word' id='word_1_309' title='bbox 906 3704 932 3744; x_wconf 90' lang='lat'><strong>1.</strong></span> <span class='ocrx_word' id='word_1_310' title='bbox 954 3683 1076 3756; x_wconf 65' lang='lat' dir='ltr'><strong>lierni.</strong></span> <span class='ocrx_word' id='word_1_311' title='bbox 1096 3697 1129 3747; x_wconf 79' lang='lat' dir='ltr'><strong>ut</strong></span> <span class='ocrx_word' id='word_1_312' title='bbox 1145 3691 1192 3747; x_wconf 86' lang='lat' dir='ltr'><strong>vel</strong></span> <span class='ocrx_word' id='word_1_313' title='bbox 1208 3686 1254 3747; x_wconf 85' lang='lat' dir='ltr'><strong>uti</strong></span> <span class='ocrx_word' id='word_1_314' title='bbox 1269 3708 1299 3787; x_wconf 59' lang='grc' dir='ltr'><strong>υ.</strong></span> <span class='ocrx_word' id='word_1_315' title='bbox 1320 3691 1417 3755; x_wconf 82' lang='lat' dir='ltr'><strong>ceteri.</strong></span> <span class='ocrx_word' id='word_1_316' title='bbox 1438 3688 1473 3748; x_wconf 77' lang='lat' dir='ltr'><strong>ie</strong></span> <span class='ocrx_word' id='word_1_317' title='bbox 1488 3690 1608 3751; x_wconf 82' lang='lat' dir='ltr'><strong>obmitto</strong></span> <span class='ocrx_word' id='word_1_318' title='bbox 1627 3693 1696 3753; x_wconf 79' lang='lat' dir='ltr'><strong>vin.</strong></span> <span class='ocrx_word' id='word_1_319' title='bbox 1713 3712 1740 3752; x_wconf 83' lang='lat'><strong>2.</strong></span> <span class='ocrx_word' id='word_1_320' title='bbox 1760 3694 1842 3777; x_wconf 86' lang='lat' dir='ltr'><strong>Berg.</strong></span> <span class='ocrx_word' id='word_1_321' title='bbox 1867 3695 1901 3754; x_wconf 85' lang='lat' dir='ltr'><strong>id</strong></span> <span class='ocrx_word' id='word_1_322' title='bbox 1918 3695 2032 3756; x_wconf 83' lang='lat' dir='ltr'><strong>intrare</strong></span> 
     </span>
     <span class='ocr_line' id='line_1_29' title="bbox 628 3787 2031 3879; baseline 0.009 -30"><span class='ocrx_word' id='word_1_323' title='bbox 628 3811 718 3870; x_wconf 88' lang='lat' dir='ltr'><strong>pron.</strong></span> <span class='ocrx_word' id='word_1_324' title='bbox 739 3809 800 3849; x_wconf 88' lang='lat' dir='ltr'><strong>om.</strong></span> <span class='ocrx_word' id='word_1_325' title='bbox 822 3787 918 3849; x_wconf 81' lang='lat' dir='ltr'><strong>Guelf.</strong></span> <span class='ocrx_word' id='word_1_326' title='bbox 931 3811 960 3870; x_wconf 90' lang='lat'><strong>9.</strong></span> <span class='ocrx_word' id='word_1_327' title='bbox 975 3810 1020 3848; x_wconf 64' lang='grc' dir='ltr'><strong>ια.</strong></span> <span class='ocrx_word' id='word_1_328' title='bbox 1042 3789 1102 3850; x_wconf 88' lang='lat' dir='ltr'><strong>duo</strong></span> <span class='ocrx_word' id='word_1_329' title='bbox 1113 3791 1227 3855; x_wconf 77' lang='lat' dir='ltr'><strong>Waeeii.</strong></span> <span class='ocrx_word' id='word_1_330' title='bbox 1244 3791 1333 3852; x_wconf 79' lang='lat' dir='ltr'><strong>ilem.</strong></span> <span class='ocrx_word' id='word_1_331' title='bbox 1345 3813 1371 3858; x_wconf 83' lang='lat'><strong>1.</strong></span> <span class='ocrx_word' id='word_1_332' title='bbox 1392 3791 1489 3854; x_wconf 86' lang='lat' dir='ltr'><strong>Turio.</strong></span> <span class='ocrx_word' id='word_1_333' title='bbox 1510 3793 1611 3868; x_wconf 63' lang='lat' dir='ltr'><strong>Baal.</strong></span> <span class='ocrx_word' id='word_1_334' title='bbox 1632 3814 1668 3856; x_wconf 87' lang='lat' dir='ltr'><strong>ne</strong></span> <span class='ocrx_word' id='word_1_335' title='bbox 1682 3795 1716 3857; x_wconf 83' lang='lat' dir='ltr'><strong>id</strong></span> <span class='ocrx_word' id='word_1_336' title='bbox 1733 3796 1848 3858; x_wconf 78' lang='lat' dir='ltr'><strong>intrare</strong></span> <span class='ocrx_word' id='word_1_337' title='bbox 1861 3798 1927 3879; x_wconf 79' lang='lat' dir='ltr'><strong>Ing.</strong></span> <span class='ocrx_word' id='word_1_338' title='bbox 1948 3800 2031 3861; x_wconf 82' lang='lat' dir='ltr'><strong>Bern.</strong></span> 
     </span>
     <span class='ocr_line' id='line_1_30' title="bbox 629 3891 1326 3987; baseline 0.001 -35"><span class='ocrx_word' id='word_1_339' title='bbox 629 3895 659 3965; x_wconf 94' lang='grc'><strong>4.</strong></span> <span class='ocrx_word' id='word_1_340' title='bbox 680 3893 742 3954; x_wconf 85' lang='lat' dir='ltr'><strong>Bas.</strong></span> <span class='ocrx_word' id='word_1_341' title='bbox 758 3915 783 3954; x_wconf 85' lang='lat'><strong>1.</strong></span> <span class='ocrx_word' id='word_1_342' title='bbox 804 3913 909 3987; x_wconf 71' lang='lat' dir='ltr'><strong>uaeque</strong></span> <span class='ocrx_word' id='word_1_343' title='bbox 929 3893 1056 3971; x_wconf 80' lang='lat' dir='ltr'><strong>dignum</strong></span> <span class='ocrx_word' id='word_1_344' title='bbox 1076 3891 1138 3952; x_wconf 82' lang='lat' dir='ltr'><strong>Bas.</strong></span> <span class='ocrx_word' id='word_1_345' title='bbox 1152 3913 1177 3952; x_wconf 85' lang='lat'><strong>1.</strong></span> <span class='ocrx_word' id='word_1_346' title='bbox 1197 3892 1282 3953; x_wconf 86' lang='lat' dir='ltr'><strong>Bern.</strong></span> <span class='ocrx_word' id='word_1_347' title='bbox 1296 3895 1326 3966; x_wconf 84' lang='grc'><strong>4.</strong></span> 
     </span>
    </p>
   </div>
   <div class='ocr_carea' id='block_1_5' title="bbox 628 4018 2029 4536">
    <p class='ocr_par' dir='ltr' id='par_1_6' title="bbox 628 4018 2029 4536">
     <span class='ocr_line' id='line_1_31' title="bbox 693 4018 2025 4104; baseline 0.01 -23"><span class='ocrx_word' id='word_1_348' title='bbox 693 4018 766 4104; x_wconf 70' lang='lat' dir='ltr'><strong>Cpp.</strong></span> <span class='ocrx_word' id='word_1_349' title='bbox 783 4043 850 4084; x_wconf 82' lang='grc' dir='ltr'><strong>ιιι.</strong></span> <span class='ocrx_word' id='word_1_350' title='bbox 869 4023 908 4084; x_wconf 85' lang='lat' dir='ltr'><strong>de</strong></span> <span class='ocrx_word' id='word_1_351' title='bbox 923 4041 1000 4083; x_wconf 86' lang='lat' dir='ltr'><strong>com.</strong></span> <span class='ocrx_word' id='word_1_352' title='bbox 1014 4024 1052 4084; x_wconf 77' lang='lat' dir='ltr'><strong>de</strong></span> <span class='ocrx_word' id='word_1_353' title='bbox 1072 4041 1132 4082; x_wconf 89' lang='lat' dir='ltr'><strong>om.</strong></span> <span class='ocrx_word' id='word_1_354' title='bbox 1151 4019 1249 4083; x_wconf 85' lang='lat' dir='ltr'><strong>Turio.</strong></span> <span class='ocrx_word' id='word_1_355' title='bbox 1269 4024 1395 4087; x_wconf 68' lang='lat' dir='ltr'><strong>nuum</strong></span> <span class='ocrx_word' id='word_1_356' title='bbox 1411 4029 1545 4090; x_wconf 62' lang='lat' dir='ltr'><strong>maroa</strong></span> <span class='ocrx_word' id='word_1_357' title='bbox 1564 4029 1761 4092; x_wconf 80' lang='lat' dir='ltr'><strong>Leid.·&#39;d.f.k.</strong></span> <span class='ocrx_word' id='word_1_358' title='bbox 1781 4032 1849 4094; x_wconf 84' lang='lat' dir='ltr'><strong>Eoo.</strong></span> <span class='ocrx_word' id='word_1_359' title='bbox 1870 4033 1967 4094; x_wconf 84' lang='lat' dir='ltr'><strong>Guell.</strong></span> <span class='ocrx_word' id='word_1_360' title='bbox 1982 4055 2025 4094; x_wconf 87' lang='grc' dir='ltr'><strong>ιι.</strong></span> 
     </span>
     <span class='ocr_line' id='line_1_32' title="bbox 628 4125 2029 4216; baseline 0.007 -28"><span class='ocrx_word' id='word_1_361' title='bbox 628 4127 761 4192; x_wconf 62' lang='lat' dir='ltr'><strong>Muris.</strong></span> <span class='ocrx_word' id='word_1_362' title='bbox 781 4128 898 4188; x_wconf 83' lang='lat' dir='ltr'><strong>Martio.</strong></span> <span class='ocrx_word' id='word_1_363' title='bbox 920 4128 1012 4187; x_wconf 68' lang='lat' dir='ltr'><strong>medlo</strong></span> <span class='ocrx_word' id='word_1_364' title='bbox 1032 4125 1153 4209; x_wconf 54' lang='lat' dir='ltr'><strong>mog</strong></span> <span class='ocrx_word' id='word_1_365' title='bbox 1172 4127 1246 4189; x_wconf 86' lang='lat' dir='ltr'><strong>Vin.</strong></span> <span class='ocrx_word' id='word_1_366' title='bbox 1262 4148 1291 4194; x_wconf 83' lang='lat' dir='ltr'><strong>a.</strong></span> <span class='ocrx_word' id='word_1_367' title='bbox 1308 4132 1589 4210; x_wconf 61' lang='lat' dir='ltr'><strong>praeferamini.</strong></span> <span class='ocrx_word' id='word_1_368' title='bbox 1610 4136 1788 4216; x_wconf 74' lang='lat' dir='ltr'><strong>ingratiam</strong></span> <span class='ocrx_word' id='word_1_369' title='bbox 1802 4157 1905 4197; x_wconf 81' lang='lat' dir='ltr'><strong>omnes</strong></span> <span class='ocrx_word' id='word_1_370' title='bbox 1919 4137 2029 4209; x_wconf 81' lang='lat' dir='ltr'><strong>Corlii,</strong></span> 
     </span>
     <span class='ocr_line' id='line_1_33' title="bbox 630 4229 2026 4317; baseline 0.009 -27"><span class='ocrx_word' id='word_1_371' title='bbox 630 4231 734 4310; x_wconf 80' lang='lat' dir='ltr'><strong>(tribue</strong></span> <span class='ocrx_word' id='word_1_372' title='bbox 745 4233 894 4313; x_wconf 74' lang='lat' dir='ltr'><strong>exceptio.)</strong></span> <span class='ocrx_word' id='word_1_373' title='bbox 912 4231 1030 4297; x_wconf 70' lang='lat' dir='ltr'><strong>Loiub.</strong></span> <span class='ocrx_word' id='word_1_374' title='bbox 1049 4229 1210 4291; x_wconf 72' lang='lat' dir='ltr'><strong>Glareanus</strong></span> <span class='ocrx_word' id='word_1_375' title='bbox 1220 4229 1306 4291; x_wconf 86' lang='lat' dir='ltr'><strong>liber.</strong></span> <span class='ocrx_word' id='word_1_376' title='bbox 1316 4233 1503 4311; x_wconf 70' lang='lat' dir='ltr'><strong>faciundum</strong></span> <span class='ocrx_word' id='word_1_377' title='bbox 1512 4247 1539 4298; x_wconf 82' lang='lat' dir='ltr'><strong>el</strong></span> <span class='ocrx_word' id='word_1_378' title='bbox 1553 4238 1665 4317; x_wconf 78' lang='lat' dir='ltr'><strong>aliquid</strong></span> <span class='ocrx_word' id='word_1_379' title='bbox 1679 4239 1775 4300; x_wconf 84' lang='lat' dir='ltr'><strong>Guell.</strong></span> <span class='ocrx_word' id='word_1_380' title='bbox 1788 4263 1812 4300; x_wconf 92' lang='grc' dir='ltr'><strong>ι.</strong></span> <span class='ocrx_word' id='word_1_381' title='bbox 1822 4243 1891 4301; x_wconf 86' lang='lat' dir='ltr'><strong>Seu.</strong></span> <span class='ocrx_word' id='word_1_382' title='bbox 1906 4263 1932 4302; x_wconf 82' lang='lat'><strong>1.</strong></span> <span class='ocrx_word' id='word_1_383' title='bbox 1942 4241 2026 4302; x_wconf 77' lang='lat' dir='ltr'><strong>Febr.</strong></span> 
     </span>
     <span class='ocr_line' id='line_1_34' title="bbox 634 4333 2027 4426; baseline 0.007 -30"><span class='ocrx_word' id='word_1_384' title='bbox 634 4357 659 4396; x_wconf 90' lang='grc' dir='ltr'><strong>ι.</strong></span> <span class='ocrx_word' id='word_1_385' title='bbox 680 4335 760 4396; x_wconf 84' lang='lat' dir='ltr'><strong>Vrat·</strong></span> <span class='ocrx_word' id='word_1_386' title='bbox 784 4335 1053 4412; x_wconf 73' lang='lat' dir='ltr'><strong>1.rlc.Jaoiundum</strong></span> <span class='ocrx_word' id='word_1_387' title='bbox 1064 4345 1091 4396; x_wconf 78' lang='lat' dir='ltr'><strong>el</strong></span> <span class='ocrx_word' id='word_1_388' title='bbox 1105 4354 1161 4396; x_wconf 78' lang='lat' dir='ltr'><strong>eree</strong></span> <span class='ocrx_word' id='word_1_389' title='bbox 1171 4333 1285 4413; x_wconf 63' lang='lat' dir='ltr'><strong>atique</strong></span> <span class='ocrx_word' id='word_1_390' title='bbox 1296 4335 1393 4403; x_wconf 86' lang='lat' dir='ltr'><strong>Gaell.</strong></span> <span class='ocrx_word' id='word_1_391' title='bbox 1404 4339 1432 4399; x_wconf 88' lang='grc'><strong>6.</strong></span> <span class='ocrx_word' id='word_1_392' title='bbox 1445 4341 1514 4417; x_wconf 73' lang='lat' dir='ltr'><strong>soc.</strong></span> <span class='ocrx_word' id='word_1_393' title='bbox 1523 4361 1579 4404; x_wconf 77' lang='lat' dir='ltr'><strong>ease</strong></span> <span class='ocrx_word' id='word_1_394' title='bbox 1588 4341 1690 4416; x_wconf 58' lang='lat' dir='ltr'><strong>Baua.</strong></span> <span class='ocrx_word' id='word_1_395' title='bbox 1701 4343 1785 4403; x_wconf 83' lang='lat' dir='ltr'><strong>Bern.</strong></span> <span class='ocrx_word' id='word_1_396' title='bbox 1800 4365 1824 4402; x_wconf 90' lang='grc' dir='ltr'><strong>ι.</strong></span> <span class='ocrx_word' id='word_1_397' title='bbox 1839 4344 1868 4404; x_wconf 83' lang='lat'><strong>3.</strong></span> <span class='ocrx_word' id='word_1_398' title='bbox 1889 4365 1952 4426; x_wconf 87' lang='lat' dir='ltr'><strong>cop.</strong></span> <span class='ocrx_word' id='word_1_399' title='bbox 1961 4345 2027 4424; x_wconf 78' lang='lat' dir='ltr'><strong>lug.</strong></span> 
     </span>
     <span class='ocr_line' id='line_1_35' title="bbox 629 4436 2028 4536; baseline 0.006 -34"><span class='ocrx_word' id='word_1_400' title='bbox 629 4439 691 4502; x_wconf 81' lang='lat' dir='ltr'><strong>Bae.</strong></span> <span class='ocrx_word' id='word_1_401' title='bbox 704 4440 735 4513; x_wconf 92' lang='grc'><strong>4.</strong></span> <span class='ocrx_word' id='word_1_402' title='bbox 754 4436 824 4502; x_wconf 82' lang='lat' dir='ltr'><strong>Tur.</strong></span> <span class='ocrx_word' id='word_1_403' title='bbox 847 4437 932 4500; x_wconf 84' lang='lat' dir='ltr'><strong>Bern.</strong></span> <span class='ocrx_word' id='word_1_404' title='bbox 948 4461 974 4500; x_wconf 85' lang='grc' dir='ltr'><strong>ι.</strong></span> <span class='ocrx_word' id='word_1_405' title='bbox 990 4443 1019 4504; x_wconf 75' lang='lat'><strong>3·</strong></span> <span class='ocrx_word' id='word_1_406' title='bbox 1038 4437 1171 4502; x_wconf 77' lang='lat' dir='ltr'><strong>amicitia</strong></span> <span class='ocrx_word' id='word_1_407' title='bbox 1188 4439 1257 4502; x_wconf 82' lang='lat' dir='ltr'><strong>Seu.</strong></span> <span class='ocrx_word' id='word_1_408' title='bbox 1272 4441 1770 4536; x_wconf 57' lang='lat' dir='ltr'><strong>2.Vin.1.Goell1„6‚usntca&#39;11u</strong></span> <span class='ocrx_word' id='word_1_409' title='bbox 1790 4449 1859 4512; x_wconf 79' lang='lat' dir='ltr'><strong>Vin.</strong></span> <span class='ocrx_word' id='word_1_410' title='bbox 1873 4469 1901 4517; x_wconf 80' lang='lat' dir='ltr'><strong>a.</strong></span> <span class='ocrx_word' id='word_1_411' title='bbox 1921 4451 1988 4511; x_wconf 79' lang='lat' dir='ltr'><strong>Sea.</strong></span> <span class='ocrx_word' id='word_1_412' title='bbox 2000 4470 2028 4511; x_wconf 79' lang='lat'><strong>2.</strong></span> 
     </span>
    </p>
   </div>
   <div class='ocr_carea' id='block_1_6' title="bbox 0 0 2290 5316">
    <p class='ocr_par' dir='ltr' id='par_1_7' title="bbox 0 0 2290 5316">
     <span class='ocr_line' id='line_1_36' title="bbox 0 0 2290 5316; baseline 0 8"><span class='ocrx_word' id='word_1_413' title='bbox 0 0 2290 5316; x_wconf 95' lang='lat' dir='ltr'><strong> </strong></span> 
     </span>
    </p>
   </div>
  </div>
 </body>
</html>
