4570 5316
1599 375 1668 452 135

272 543 417 622 bellum
450 575 599 655 gerens,
632 555 878 658 perniciosior
913 571 1023 646 esset,
1054 557 1096 634 in
1131 557 1276 633 incerto
1312 553 1526 633 haberetur.
1576 555 1721 652 Eratin

267 665 379 746 haud
400 671 511 778 longe
529 676 577 750 ab
595 702 639 751 eo
655 677 810 770 itinere,
825 707 903 784 quo
916 681 1091 757 Metellus
1107 682 1304 788 pergebat,
1327 673 1514 786 oppidum
1536 679 1670 755 Numi-

274 788 427 886 darum,
452 799 609 876 nomine
626 804 773 894 Vacca,
795 801 924 879 forum
946 832 1075 880 rerum
1097 805 1293 882 renalium
1310 806 1426 880 totius
1455 804 1562 909 regni
1583 827 1672 878 ‚ma-

277 920 654 1017 mmecelebratum3
674 925 742 1000 ubi
766 940 804 1002 et
828 926 994 1004 incolere
1014 943 1052 1004 et
1069 931 1227 1004 mercari
1258 944 1531 1005 consueverant
1548 925 1672 1002 Italici

267 1040 420 1138 generis
441 1045 555 1120 multi
577 1047 761 1124 mortales.
811 1049 899 1125 Huc
914 1051 1073 1140 Consul,
1096 1051 1210 1127 simul
1235 1051 1447 1156 temptandi
1476 1049 1614 1156 gratia,
1636 1064 1674 1126 et

277 1161 307 1233 si
325 1179 566 1264 paterentur,
588 1173 876 1274 opportunitate
902 1173 1002 1264 loci,
1029 1175 1249 1280 praesidium
1271 1175 1469 1279 imposuit3
1495 1191 1673 1278 praeterea

276 1283 475 1388 imperarit
492 1289 730 1369 frumentum
746 1312 785 1370 et
801 1297 894 1388 alia,
917 1321 1004 1401 quae
1022 1298 1125 1374 bello
1146 1300 1232 1374 usui
1250 1297 1393 1389 forent,
1414 1313 1674 1401 comportare:

280 1423 382 1484 ratus
405 1410 467 1500 id,
484 1403 589 1517 qnod
610 1442 666 1492 res
691 1419 886 1511 monebat,
910 1420 1166 1524 frequentiam
1198 1423 1479 1527 negotiatorum
1505 1437 1558 1496 et·
1576 1447 1691 1496 com·

268 1548 409 1606 -meatu
427 1534 648 1614 iuvaturum
663 1542 869 1617 exereitum
889 1560 927 1618 et
943 1545 1019 1619 iam
1039 1545 1180 1648 paratis
1195 1544 1307 1621 rebus
1330 1545 1571 1621 munimento
1588 1543 1675 1618 iore.

282 1653 385 1731 luter
402 1655 483 1734 haec
505 1663 653 1766 negotia
675 1664 859 1771 Iugurtha
880 1666 1085 1771 impensius
1106 1667 1220 1766 modo
1240 1669 1378 1772 legatos
1390 1668 1578 1774 supplices
1592 1665 1679 1741 mit·

282 1790 377 1869 tere,
398 1805 531 1883 pacem
555 1812 678 1875 orare,
702 1805 838 1891 praeter
856 1815 965 1862 suam
984 1789 1270 1892 liberorumque
1290 1792 1424 1882 vitam,
1447 1790 1577 1867 omnia
1601 1789 1680 1866 Me·

286 1899 372 1974 tello
391 1902 536 1980 dedere.
588 1909 693 2004 Quos
712 1911 819 2001 item,
837 1912 894 1987 uti
914 1913 1073 2016 priores,
1093 1914 1235 1989 Consul
1258 1914 1416 1988 inlectos
1430 1903 1480 1988 ad
1496 1911 1680 2016 proditio-

285 2047 371 2098 nem
401 2025 560 2104 domum
596 2031 844 2110 dimittebat:
871 2035 948 2138 regi
976 2061 1131 2138 pacem,
1161 2063 1278 2138 quam
1301 2035 1534 2140 postulabat,
1558 2059 1681 2136 neque

286 2147 451 2224 abnuere
467 2178 591 2256 neque
611 2155 806 2258 polliceri,
827 2174 866 2234 et
890 2159 991 2232 inter
1012 2183 1072 2232 eas
1093 2183 1216 2234 moras
1248 2159 1433 2262 promissa
1471 2158 1682 2262 legatorum

286 2290 502 2375 exspectare.
540 2278 725 2382 Iugurtha
745 2281 812 2356 ubi
829 2281 973 2356 Metelli
985 2282 1087 2358 dieta
1100 2307 1190 2356 eum
1211 2281 1320 2358 factis
1334 2281 1556 2386 composuit,
1581 2301 1625 2354 ae
1644 2303 1683 2354 se
1691 2287 1731 2359 ts

286 2395 358 2468 suis
380 2398 526 2477 artibus
552 2404 727 2506 temptari
755 2404 1049 2499 animadvortit3
1074 2406 1218 2510 quippe
1248 2407 1311 2482 cui
1336 2406 1457 2482 verbis
1484 2431 1559 2507 pax
1581 2429 1683 2479 nun·
1713 2449 1716 2456 ·

290 2518 477 2609 ciabatur,
512 2538 681 2616 ceterum
719 2551 759 2600 re
787 2526 933 2602 bellum
955 2553 1223 2629 asperrumum
1243 2544 1349 2603 erat:
1377 2528 1469 2602 urbs
1503 2551 1682 2602 maxuma

288 2641 471 2734 alienata,
503 2673 590 2751 ager
628 2646 797 2724 hostibus
830 2641 1030 2754 cognitus,
1058 2648 1178 2723 animi
1213 2649 1462 2754 popularium
1490 2647 1663 2751 temptati

288 2785 437 2842 coaetus
454 2795 581 2846 rerum
602 2773 897 2862 necessitudine,
914 2773 1047 2848 statuit
1064 2773 1177 2848 armis
1200 2788 1351 2848 certare.
1402 2773 1524 2878 Igitur
1556 2769 1685 2872 explo-

290 2906 369 2965 rato
389 2890 556 2969 bostium
577 2877 729 2986 itinere,
752 2897 793 2974 in
815 2921 919 3000 spem
941 2895 1107 2973 victoriae
1123 2894 1311 2972 adductus
1334 2922 1379 2972 ex
1399 2894 1685 3001 opportunitate

288 3117 345 3182 Bas.
362 3141 386 3183 ι.
407 3120 490 3183 Rem.
503 3142 531 3182 a.
552 3123 631 3184 Vrat.
646 3143 671 3184 a.
682 3123 710 3184 3.
734 3123 891 3190 Leid.b.b.
902 3127 922 3189 l.
945 3121 1272 3208 nuntiauerant.
1293 3124 1445 3186 incertum
1458 3121 1542 3184 Febr.
1559 3144 1584 3182 1.
1602 3119 1685 3180 bodl.

287 3221 351 3303 Teg.
373 3226 406 3282 tn
419 3227 562 3286 incertum
581 3226 650 3290 Tur.

283 3333 286 3340 Ι
370 3351 441 3434 Cap.
455 3357 503 3434 47.
528 3354 627 3416 Vacca
644 3355 750 3439 optimi
770 3355 846 3417 libri.
871 3354 957 3435 Vaga
977 3355 1073 3414 Graii·
1086 3355 1115 3426 A.
1140 3353 1223 3416 Vuae
1243 3353 1379 3417 (iactat.
1403 3352 1689 3440 VacltaGueII.11.¹

288 3456 374 3518 cimai
386 3462 524 3519 tentandi
530 3461 631 3539 gratia
647 3471 674 3520 ct
687 3462 797 3541 piandi
815 3461 952 3520 Vinum.
974 3459 1054 3520 unde
1067 3459 1151 3520 facile
1167 3461 1264 3522 elicias
1281 3460 1464 3540 experiundi.
1476 3459 1614 3520 tentandi
1623 3477 1690 3518 ma-

290 3564 434 3641 nendique
447 3565 547 3642 gratia
568 3565 657 3625 dead.
678 3575 749 3625 tent.
763 3575 789 3625 et
802 3563 890 3624 simui
898 3562 1000 3644 gratia
1016 3563 1171 3624 Ιιίιηιαηάὶ
1188 3565 1256 3624 Eri..
1279 3573 1352 3629 tent.
1366 3585 1414 3644 gr.
1432 3565 1458 3625 si
1468 3573 1541 3644 pat..
1551 3563 1648 3624 Senat-
1664 3583 1689 3623 ι.

289 3665 386 3725 Vinar.
401 3687 427 3726 ι.
450 3667 569 3728 Palmar.
595 3677 730 3748 poterant
750 3669 873 3728 Remi.
894 3669 965 3750 Reg.
990 3675 1110 3747 propter
1126 3668 1354 3748 opportunitates
1372 3667 1469 3728 GnelI.
1486 3689 1531 3732 ιι.
1552 3673 1692 3745 opportu-

292 3773 383 3830 nitate
398 3770 477 3831 baud
495 3771 583 3832 dubie
598 3771 773 3855 legendum,
793 3792 850 3854 qua
869 3772 988 3852 quidem
1012 3771 1128 3832 Gruteri
1145 3773 1311 3836 coniectura
1330 3773 1431 3833 omnia
1448 3771 1501 3830 ista
1520 3767 1691 3838 concidunt,

293 3896 354 3952 quae
368 3875 440 3933 Cort
456 3895 574 3935 exounu
584 3875 633 3936 tv.
644 3875 758 3936 doctius
769 3897 857 3958 quam
876 3878 971 3939 terius
983 3876 1150 3958 disputavit.
1171 3887 1198 3936 et
1212 3875 1437 3936 commeantium
1450 3872 1546 3932 Gueli.
1558 3892 1587 3950 9.
1608 3888 1692 3930 eom-

285 3961 440 4037 ¹meantum
462 3978 545 4044 Paris.
559 3999 584 4038 a.
605 3988 633 4039 et
646 3990 839 4040 conuneatum
853 3980 955 4060 populi
971 3979 1072 4041 Vinar.
1087 3998 1115 4039 a.
1136 3980 1250 4038 Vratisl.
1265 3999 1292 4039 a.
1320 3985 1348 4037 et
1362 3985 1525 4039 commeatu
1545 3972 1595 4032 alii
1612 3970 1690 4034 libri.

286 4093 364 4160 'quos
380 4079 476 4142 Ciacc.
494 4083 604 4144 laudat.
624 4083 713 4145 etiam
730 4085 852 4166 plurimi
860 4081 977 4144 Grutcri
990 4093 1019 4142 et
1034 4081 1115 4143 Cort-
1129 4081 1207 4146 libri.
1227 4093 1255 4143 et
1272 4083 1333 4141 iam
1350 4083 1460 4163 priores
1475 4078 1615 4138 Editores.
1634 4075 1695 4136 im-

291 4205 370 4262 pens.
386 4184 485 4246 morio.
507 4189 596 4246 modo
616 4209 676 4248 oni.
689 4185 786 4247 Garis.
803 4189 832 4259 4.
853 4206 938 4248 suam
954 4205 1128 4265 ευοιιιηιᾳιιο
1145 4185 1197 4246 vit.
1217 4185 1297 4245 Iaeid.
1312 4205 1352 4243 m.
1373 4183 1476 4248 trane.
1498 4181 1618 4243 inlectos
1637 4180 1692 4244 lli-

290 4283 332 4349 'vii
349 4289 424 4351 libri.
446 4290 544 4350 Gueli.
559 4311 582 4348 ι.
605 4291 665 4350 Bas.
679 4313 703 4350 1.
725 4283 775 4372 uui
792 4277 1081 4372 etiamsinpensiuset
1096 4287 1230 4368 inposuit.
