4582 5320
661 375 733 452 126

657 548 760 632 foeda
780 549 890 658 fuga,
914 529 1089 653 plerique
1113 541 1267 620 abiectis
1283 541 1416 632 armis,
1439 569 1672 647 proxumum
1703 542 1840 619 collem
1860 568 2066 650 occupave-

659 703 710 754 re.
760 675 843 754 Nox
867 688 983 775 atque
1006 667 1135 774 praeda
1153 683 1364 743 castrorum
1386 663 1518 756 hostis,
1545 667 1776 770 quominus
1801 667 1959 743 victoria
1983 687 2066 748 utc-
2125 663 2128 668 ⁸

621 875 627 894 ‚
659 814 815 887 rentur,
836 797 1024 872 remorata
1041 807 1142 866 sunt
1178 788 1328 864 Deinde
1347 787 1533 894 Iugurtha
1556 807 1704 894 postero
1727 790 1789 868 die
1807 817 1897 866 cum
1908 792 2007 867 Aulo
2024 795 2064 870 in

660 919 854 1024 colloquio
875 919 988 994 verba
1012 915 1118 992 facit:
1145 913 1292 990 tametsi
1319 912 1444 1017 ipsum
1469 940 1559 990 cum
1579 914 1747 990 exercitu
1769 915 1869 991 same
1891 914 2066 1019 ferroque

662 1045 839 1123 clausum
866 1057 993 1118 tenet:
1018 1056 1147 1114 tamen
1163 1063 1201 1113 sc
1217 1036 1477 1112 humanarum
1494 1063 1624 1113 rerum
1647 1065 1874 1127 memorem,
1897 1039 1928 1114 si
1940 1065 2066 1116 secum

661 1167 788 1246 toedus
813 1165 975 1254 faceret,
1001 1162 1210 1238 incolumes
1230 1160 1355 1236 omnis
1375 1161 1448 1236 sub
1473 1161 1606 1267 iugum
1631 1162 1851 1238 missurum:
1878 1179 2056 1266 praeterea

647 1294 721 1370 ¹uti
753 1291 888 1369 dicbus
917 1289 1048 1366 decem
1078 1284 1259 1362 Numidia
1296 1284 1500 1362 decederet.
1550 1285 1649 1382 Quae
1676 1313 1912 1390 qumquam
1941 1289 2065 1391 gravia

663 1433 702 1494 et
722 1415 858 1522 flagitii
881 1413 995 1518 plena
1018 1427 1153 1488 crant:
1179 1426 1323 1499 tamen,
1342 1409 1434 1513 quia
1458 1409 1590 1484 mortis
1615 1425 1721 1486 metu
1741 1411 2049 1504 mutabanturs
2022 1437 2067 1486 sr-

616 1541 744 1634 590uti
767 1540 845 1646 regi
880 1537 1079 1626 lubuerat‚
1108 1561 1183 1639 pax
1205 1533 1393 1610 convenit.
1442 1533 1517 1608 Sed
1549 1533 1616 1608 ubi
1652 1559 1696 1607 ea
1726 1533 1854 1608 Romoe
1878 1553 2065 1639 comperta

639 1675 783 1756 ’,ειιιιι
825 1679 949 1738 metus
978 1677 1094 1762 atque
1124 1683 1267 1732 moeror
1290 1655 1482 1731 civitatem
1509 1655 1701 1730 invasere.
1735 1683 1822 1759 pars
1844 1657 1973 1733 dolere
2000 1687 2066 1762 pro

662 1785 823 1894 gloria
812 1781 994 1888 imperii·
1020 1806 1108 1886 para
1128 1778 1280 1855 insolita
1304 1805 1434 1854 rerum
1459 1778 1687 1853 bellicarum
1719 1780 1853 1856 timere
1884 1781 2067 1857 libertati:

664 1909 765 1984 Aulo
783 1931 914 1983 omnes
928 1903 1077 1993 infesti,
1101 1930 1148 1977 ac
1161 1927 1359 1990 maxume,
1378 1902 1452 2005 qui
1474 1902 1576 1978 bello
1596 1927 1694 2008 saepc
1709 1904 1882 2006 praeclari
1900 1905 2068 1998 fuerant5

663 2029 772 2132 quod
798 2036 967 2104 armatus
990 2024 1174 2100 dedecore
1199 2024 1327 2129 potius
1353 2052 1470 2130 quam
1500 2053 1620 2102 manu
1650 2026 1812 2102 salutem
1841 2031 2068 2132 qrraeeirerat

666 2155 729 2230 Ob
754 2179 798 2227 aa
818 2149 959 2228 Consul
984 2148 1148 2224 Albinus
1171 2175 1218 2223 ex
1241 2147 1381 2224 delicto
1400 2147 1528 2225 fratris
1549 2149 1734 2226 invidiam
1756 2177 1801 2226 ac
1819 2151 1959 2229 deinde
1975 2153 2069 2258 peri·

668 2277 803 2354 culum
824 2275 985 2362 timens,
1012 2273 1195 2348 Senatum
1214 2271 1264 2346 de
1288 2271 1430 2347 loedere
1449 2274 1690 2364 consulebat,
1712 2290 1897 2352 ettamen
1919 2277 2068 2354 interim

666 2398 850 2477 exercitui
876 2395 1189 2502 supplementum
1207 2393 1392 2486 scribere,
1417 2396 1468 2471 ab
1484 2397 1593 2474 sociis
1612 2413 1650 2472 et
1669 2397 1826 2475 nomine
1851 2399 1989 2476 latino
2006 2427 2069 2476 au-

668 2521 760 2598 xilia
784 2544 999 2612 accersere,
1037 2517 1205 2621 denique
1236 2517 1416 2595 omnihus
1438 2520 1560 2595 modis
1585 2520 1773 2598 festinare.
1822 2523 1981 2600 Senatus
2000 2525 2069 2614 ita,

641 2669 647 2678 ·
668 2647 728 2722 uti
746 2642 980 2751 perluceat,
997 2639 1190 2736 decernit,
1217 2665 1287 2717 cuo
1303 2659 1420 2746 atque
1432 2643 1568 2748 populi
1591 2643 1738 2721 iniussu
1756 2645 1911 2724 nullum
1933 2649 2071 2752 potuic

668 2851 753 2912 Rem.
768 2871 792 2909 ι.
816 2851 916 2909 Frauc.
945 2844 1105 2912 trenta
1124 2845 1253 2927 eruperit
1272 2845 1353 2906 Leid.
1369 2849 1390 2906 Ι.
1412 2847 1507 2908 nostri
1519 2847 1648 2928 plerique
1660 2851 1757 2927 foeda
1786 2851 1848 2910 Bas.
1864 2873 1889 2911 ι.
1922 2853 2012 2913 verba
2021 2855 2071 2930 so-

635 2973 638 2980 ·
669 2955 712 3015 αἰ
732 2953 801 3035 Teg.
818 2951 880 3010 Bm.
894 2970 919 3010 ι.
940 2949 1010 3010 Tur.
1033 2943 1270 3012 clatuumteuco't
1290 2949 1486 3014 Gucll.3.n.
1506 2952 1586 3012 Leid.
1607 2975 1635 3036 g.
1656 2956 1769 3035 aliquot
1789 2955 1877 3018 llivii.
1889 2958 2072 3034 samaserro

670 3057 769 3122 Gucll.
780 3076 809 3138 9.
827 3057 887 3116 inc.
901 3073 929 3115 ι.
954 3053 1045 3114 Marl.
1064 3065 1101 3117 Λ.
1112 3055 1202 3131 same
1214 3057 1281 3132 ets.
1302 3054 1364 3115 Bac.
1385 3076 1411 3115 ι.
1429 3057 1457 3128 l.
1482 3056 1534 3117 Ac.
1556 3057 1653 3118 Strur.
1668 3059 1753 3119 Rem.
1771 3081 1795 3119 ι.
1816 3059 1920 3122 Frauo.
1944 3061 2027 3122 Bern.
2044 3065 2069 3124 3.

661 3164 773 3239 foedus
782 3159 861 3239 facit
880 3157 961 3220 Leid.
976 3161 997 3218 l.
1016 3178 1046 3219 aa
1063 3178 1221 3220 rumorem
1240 3159 1302 3218 Bm.
1317 3161 1384 3232 ul.
1405 3158 1475 3238 Tur.
1501 3161 1588 3222 Bam.
1601 3163 1665 3226 ab.
1693 3165 1744 3226 cub
1758 3163 1826 3245 iugo
1849 3165 1918 3230 Vin.
1940 3188 1965 3231 1.
1994 3165 2070 3226 Vrat.

671 3268 702 3328 5.
723 3265 848 3327 Numid.
863 3264 935 3324 aba
956 3263 1019 3326 Bas.
1037 3263 1199 3344 uflagitio
1213 3264 1303 3345 planu
1322 3265 1406 3325 Laid.
1419 3267 1439 3325 l.
1450 3289 1480 3350 g.
1493 3267 1521 3328 k.
1543 3269 1734 3330 mutabantur
1754 3269 1888 3330 Guelf.i.
1899 3273 2001 3352 2.l.9.
2022 3276 2072 3332 Fa-

668 3371 745 3430 btic.
758 3390 783 3429 ι.
804 3368 855 3433 Ac.
875 3369 971 3431 Strur.
992 3370 1052 3428 inc.
1063 3389 1091 3428 a.
1112 3368 1215 3430 Franc.
1236 3369 1353 3430 tract.
1372 3369 1491 3450 Laida.
1502 3370 1534 3430 b.
1546 3371 1576 3432 d.
1587 3371 1618 3432 b.
1632 3375 1652 3433 i.
1666 3375 1693 3439 k.
1710 3395 1752 3432 m.
1771 3373 1870 3440 Nazar.
1888 3387 1916 3436 ct
1929 3376 1989 3435 Pal.
2009 3376 2070 3436 ab.

593 3499 596 3502 ·
671 3474 803 3555 quinquo
816 3471 939 3544 wanti,
957 3473 1089 3552 quinqua
1105 3471 1190 3532 Paria.
1211 3471 1272 3538 Bar.
1291 3495 1317 3534 ι.
1328 3474 1357 3546 4.
1378 3474 1477 3538 Turic.
1502 3476 1718 3564 minitabantur
1735 3480 1832 3538 Scnat.
1845 3499 1870 3539 1.
1892 3479 1962 3544 Vin.
1975 3502 2000 3540 1.
2022 3485 2072 3541 Fa-

670 3576 745 3636 brio.
761 3594 789 3635 2.
811 3573 891 3634 Lcid.
903 3578 958 3634 c.l.
979 3574 1064 3636 Bern.
1080 3575 1110 3636 3.
1130 3577 1332 3640 multabantur
1352 3581 1455 3642 incert.
1476 3603 1502 3643 1.
1525 3581 1623 3642 Gucll.
1637 3605 1667 3664 7.
1688 3581 1747 3643 Pal.
1759 3583 1788 3643 5.
1816 3583 1989 3644 tenebantur
2008 3583 2069 3644 Ecc.

673 3679 772 3744 Guell.
785 3697 889 3742 10.12·
917 3679 999 3738 Leid.
1016 3680 1073 3738 el.
1104 3678 1201 3762 Paly.
1222 3682 1307 3748 Beru.
1321 3705 1347 3742 ι.
1374 3687 1525 3750 tenebatur
1545 3686 1643 3748 Gucll.
1666 3709 1711 3746 ιι.
1732 3687 1911 3768 cogebantur
1929 3687 2028 3750 Vinea.
2044 3708 2068 3746 ι.

627 3819 647 3856 ·,
673 3784 755 3848 Laid.
770 3799 799 3868 g.
819 3783 977 3862 cogebatur
995 3782 1075 3843 Vrat.
1088 3802 1115 3848 a.
1136 3785 1383 3864 augrutiabautur
1401 3787 1469 3850 Son.
1482 3812 1509 3852 ι.
1521 3789 1621 3852 llcuss.
1643 3793 1823 3872 urgebantur
1842 3793 1921 3852 Vrat.
1939 3815 1966 3852 ι.
1986 3813 2068 3872 urga-

674 3892 763 3952 baur
783 3889 871 3948 Palat.
887 3888 916 3948 6.
937 3885 1040 3948 mortis
1055 3887 1219 3948 metuebant
1233 3891 1366 3971 pericula
1389 3892 1487 3961 Guels.
1505 3901 1533 3960 b·
1546 3895 1548 3900 ’
1562 3897 1748 3958 terrebantur
1777 3897 1859 3958 Laid.
1875 3919 1902 3958 a.
1924 3898 2069 3958 mutabunt

669 3998 772 4077 pluro
781 3991 866 4070 libri,
884 4001 951 4052 testo
963 3992 1058 4058 lliriu.
1080 4000 1159 4056 melu
1168 3995 1272 4056 mortis
1289 3995 1358 4058 Tur.

758 4117 832 4203 Cap.
845 4121 895 4202 39.
921 4139 994 4201 aoepc
1010 4120 1088 4182 clari
1107 4121 1167 4183 inc.
1183 4143 1209 4183 ι.
1228 4123 1295 4186 Ecc.
1317 4124 1414 4188 Guelf.
1425 4131 1452 4192 b.
1471 4148 1516 4190 ra.
1536 4129 1617 4191 leid.
1628 4134 1649 4195 1.
1667 4149 1723 4209 per
1737 4133 1897 4194 maara.
1916 4131 2025 4194 Fabric.
2040 4153 2066 4192 ι.

672 4226 846 4312 quoerirtrat
864 4230 953 4311 longe
965 4227 1088 4308 plurimi
1101 4224 1180 4288 libri.
1201 4228 1345 4309 caudari
1364 4233 1430 4308 alii,
1442 4234 1475 4294 in
1488 4233 1571 4318 quib.
1591 4234 1660 4318 Τις.
1681 4234 1778 4302 Tun'c.
1798 4237 1926 4318 quaesivit
1944 4237 2021 4298 leid.
2040 4237 2068 4295 d.
