4570 5316
608 373 678 466 ιδΑί
762 485 765 492 1

598 552 738 629 darum
760 543 946 630 infidum,
960 537 1112 643 ingenio
1130 534 1282 625 mobili,
1300 532 1635 610 novarum'rerum
1656 531 1906 612 avidu'messa
1928 539 2002 614 lta·

510 695 512 700 '
598 699 675 777 que
698 671 836 774 legatos
853 666 973 742 alium
990 664 1038 738 ab
1057 661 1132 738 alio
1151 659 1317 736 divorsos
1334 657 1572 763 adgreditur3
1597 682 1642 756 ae
1658 657 1862 760 paullatim
1881 676 2001 766 temp-

600 795 741 885 tand0,
759 807 960 897 postquam
979 802 1213 891 opportunos
1230 781 1301 858 sibi
1322 782 1517 884 cognovit,
1535 779 1658 856 multa
1678 775 1894 884 pollicendo
1915 811 2003 888 per·

599 918 753 1006 suadet,
777 913 836 989 uti
855 909 1083 1017 Iugurtham
1111 933 1287 982 maxume
1311 906 1463 994 vivum,
1486 905 1545 980 sin
1573 903 1614 979 id
1635 930 1774 1006 parum
1798 907 2003 1011 procedat,

600 1055 781 1122 necatum
798 1036 870 1113 sibi
895 1033 1089 1110 traderent
1111 1064 1117 1104 :
1144 1046 1311 1106 ceterum
1328 1028 1475 1134 palam,
1496 1051 1583 1130 quae
1596 1051 1643 1102 ex
1656 1027 1854 1106 voluntate
1866 1028 2003 1122 forent,

600 1167 680 1271 regi
710 1162 897 1242 nunciare
928 1157 1043 1235 iubet
1093 1153 1245 1230 Deinde
1277 1152 1356 1258 ipse
1379 1149 1510 1255 paucis
1535 1149 1692 1240 diebus,
1716 1150 1866 1227 intento
1890 1171 2004 1258 atque

602 1289 739 1370 infesto
755 1283 941 1373 exercitu,
959 1280 1003 1356 in
1023 1276 1246 1354 Numidiam
1263 1275 1437 1381 procedit
1458 1306 1466 1350 :
1491 1272 1560 1350 ubi
1583 1289 1717 1352 contra
1738 1273 1831 1350 belli
1852 1274 2005 1368 faciem,

603 1413 754 1521 tuguria
773 1409 888 1514 plena
910 1401 1133 1493 hominum,
1153 1425 1289 1507 pecora
1308 1396 1547 1501 cultoresque
1566 1396 1609 1474 in
1624 1397 1721 1503 agris
1741 1413 1866 1475 erant:
1879 1425 1924 1476 ex
1941 1426 2006 1505 op-

601 1533 701 1640 pidis
727 1550 767 1612 et
792 1527 1006 1636 mapalibus
1022 1522 1190 1631 proel'eeti
1212 1522 1319 1626 Regis
1347 1520 1450 1597 obvii
1484 1519 1758 1626 procedebant,
1784 1523 1909 1626 parati
1930 1523 2008 1598 fru-

603 1673 776 1735 mentum
792 1655 900 1744 dare‚
923 1663 1179 1728 commeatum
1200 1661 1375 1748 portare,
1400 1658 1589 1749 postremo
1614 1644 1764 1732 omnia,
1784 1669 1872 1747 quaa
1892 1645 2007 1750 impa-

604 1795 805 1871 rarentur,
837 1776 969 1852 facere
1018 1773 1151 1874 Neque
1167 1768 1342 1844 Metellus
1368 1767 1510 1844 idcirco
1527 1767 1677 1856 minus,
1706 1766 1771 1843 sed
1799 1768 1942 1872 pariter
1965 1796 2007 1846 ac

604 1907 635 1980 si
658 1903 782 1979 hostes
803 1900 993 1984 adessent,
1008 1893 1162 1970 munito
1187 1891 1337 1996 agmine
1359 1891 1547 1981 incedere,
1570 1889 1648 1966 late
1663 1890 1860 1994 explorare
1879 1894 2004 1966 omnia

606 2026 673 2101 illa
696 2021 902 2102 deditionis
920 2019 1026 2124 signa
1047 2013 1211 2092 ostentui
1241 2013 1410 2104 credere,
1438 2029 1475 2090 et
1500 2013 1646 2088 insidiis
1670 2014 1800 2089 locum
1819 2031 2006 2119 temptare.

606 2151 743 2250 ltaque
766 2146 845 2248 ipse
865 2167 954 2216 cum
974 2135 1157 2243 expeditis
1178 2134 1420 2224 cohortibus,
1440 2136 1532 2212 item
1564 2135 1806 2213 funditorum
1836 2155 1874 2213 et
1902 2141 2009 2244 sagit·

609 2271 796 2346 rariorum
825 2264 969 2340 delecta
999 2287 1120 2335 manu
1140 2258 1244 2362 apud
1261 2257 1404 2361 primos
1424 2273 1525 2352 erat;
1543 2258 1585 2333 in
1606 2275 1794 2362 postremo
1814 2263 1852 2336 G
1868 2263 2009 2339 Marius

610 2397 753 2500 legatus
779 2415 869 2466 cum
907 2385 1100 2490 equitibus
1132 2371 1293 2458 curabat
1321 2413 1329 2454 :
1353 2380 1396 2454 in
1422 2396 1632 2484 utrumque
1665 2381 1765 2457 latus
1795 2384 2009 2462 auxiliarios

611 2514 756 2621 equites
784 2510 948 2588 tribunis
981 2507 1176 2612 legionum
1201 2519 1240 2581 et
1268 2502 1453 2608 praefectis
1485 2501 1703 2580 cohortium
1735 2505 2017 2612 dispertiverat,

611 2654 659 2716 ut
671 2664 761 2715 cum
773 2635 834 2710 bis
848 2631 1028 2738 permixti
1045 2630 1191 2719 velites,
1209 2653 1454 2731 quocumque
1472 2625 1706 2718 accederent,
1721 2631 1912 2732 equitatus
1930 2631 2011 2708 bos-

614 2761 713 2838 tium
751 2757 1029 2863 propulsarent.
1085 2753 1184 2828 Nam
1223 2748 1266 2824 in
1302 2749 1489 2854 Iugurtha
1514 2763 1645 2826 tantus
1682 2751 1792 2828 dolus
1833 2769 2010 2858 tantaque

614 2883 751 2989 peritia
770 2879 944 2956 locorum
966 2892 1004 2953 et
1022 2873 1169 2952 militiae
1197 2888 1297 2964 erat,
1328 2888 1373 2948 ut
1394 2871 1525 2950 absens
1545 2900 1595 2949 an
1613 2899 1796 2979 praesens,
1816 2905 1948 2982 paoem
1964 2907 2011 2954 an

616 3113 651 3172 ia
669 3105 816 3172 Numidia
834 3107 993 3188 proealcra
1025 3101 1182 3163 Gadita.
1204 3099 1311 3161 deinde
1324 3099 1426 3181 paucis
1440 3099 1501 3162 ma
1520 3101 1582 3162 Bas.
1595 3101 1624 3174 d.
1653 3103 1776 3166 cultores
1795 3106 1875 3184 (sins
1889 3110 2011 3190 copula)

614 3216 695 3279 Vrat.
706 3233 734 3273 a.
754 3211 831 3286 obuii
840 3232 873 3270 ex
882 3209 976 3270 Cottii
986 3206 1077 3268 libris.
1102 3206 1199 3269 Guelf.
1211 3226 1237 3271 1.
1250 3225 1278 3264 ι.
1299 3205 1366 3264 Sen.
1378 3226 1403 3274 ι.
1424 3205 1492 3269 vin.
1505 3207 1610 3270 arliae.
1623 3229 1649 3267 ι.
1660 3209 1744 3271 llcm.
1755 3229 1783 3272 a.
1797 3211 1941 3274 accedunt
1951 3213 2013 3272 llas.

614 3317 704 3382 Palat.
720 3337 747 3377 a.
768 3325 894 3396 quatuor
905 3313 1019 3375 Wassii.
1050 3309 1133 3372 Leid.
1149 3332 1176 3372 a.
1190 3309 1221 3370 b.
1236 3307 1267 3370 h.
1283 3311 1304 3370 i.
1316 3313 1338 3370 l.
1352 3329 1382 3376 n.
1413 3331 1477 3390 quoe
1495 3313 1679 3392 imperantur
1704 3315 1770 3374 Seu.
1791 3337 1815 3380 ι.
1843 3334 1906 3392 qua
1927 3317 2013 3394 impe·

616 3429 697 3482 rare!
715 3405 800 3494 Rem.
817 3439 842 3478 ι.
872 3415 1024 3476 incedebat
1044 3413 1125 3474 Laid.
1134 3418 1155 3474 1.
1182 3414 1263 3494 apud
1279 3413 1390 3494 primos
1406 3417 1505 3476 adessa
1524 3414 1604 3481 Leid.
1617 3417 1645 3476 k.
1664 3436 1740 3478 unus
1754 3419 1866 3496 Wassii.
1887 3419 1970 3480 Bern.
1990 3441 2013 3484 ι.

553 3541 558 3546 ·
615 3521 824 3605 dispertiverat
844 3520 946 3580 incest
966 3539 991 3584 ι.
1017 3519 1113 3578 Saum.
1129 3539 1156 3584 2.
1175 3519 1276 3580 Vinar.
1288 3540 1315 3579 a.
1337 3519 1457 3582 vrato.
1479 3519 1575 3580 Guelf.
1592 3542 1620 3601 7.
1642 3539 1687 3580 ιι.
1703 3541 1748 3587 aa.
1769 3521 1891 3582 Berua.
1913 3541 2013 3598 curare

615 3629 739 3690 Remos.
752 3646 823 3685 nam
838 3621 989 3702 Iugurtha
1007 3624 1074 3682 Seu.
1091 3645 1117 3682 1.
1137 3623 1206 3684 Vin.
1222 3645 1247 3682 ι.
1267 3625 1366 3686 Guelf.
1381 3647 1408 3686 ι.
1428 3625 1511 3687 Febr.
1526 3643 1556 3684 ι.
1574 3624 1655 3684 leid.
1673 3625 1700 3684 k.
1713 3645 1744 3690 ιι.
1765 3637 1797 3687 ut
1809 3645 1877 3687 cum
1893 3627 1939 3688 Ιώ
1950 3627 2014 3700 Tur,

615 3733 700 3795 Bern.
718 3730 784 3792 ud.
804 3729 885 3789 Laid.
907 3745 1076 3806 quacunque
1098 3725 1179 3793 cort.
1193 3739 1294 3790 conus
1308 3747 1410 3788 omnes
1426 3727 1522 3795 Godd.
1545 3729 1642 3790 inerat
1661 3730 1730 3792 vin.
1743 3751 1769 3792 a.
1789 3731 1869 3792 Vrat
1887 3753 1914 3792 a.
1935 3743 2014 3810 sarua

613 3857 675 3916 per.
695 3837 765 3901 Vin.
780 3856 806 3900 1.
827 3835 886 3893 abs.
898 3853 939 3892 cn
950 3854 998 3913 pr.
1018 3831 1140 3913 plurimi
1163 3830 1243 3899 Cort.
1266 3851 1368 3893 omncs
1383 3833 1464 3898 Leid.
1485 3836 1525 3894 ita
1540 3835 1660 3896 llavero.
1681 3835 1742 3900 Bas.
1756 3857 1781 3896 ι.
1802 3838 1902 3900 abssas
1919 3857 1956 3898 cc
1969 3859 2014 3920 pr.

615 3941 714 4003 Guell'·
726 3939 754 4014 4.
775 3949 807 4000 ut
822 3939 922 3999 absens
941 3935 1003 3996 Bas.
1019 3957 1044 3996 ι.
1065 3936 1149 3996 Barn.
1163 3936 1225 4002 at.
1246 3936 1328 3998 Leid.
1349 3938 1409 3998 abs.
1422 3947 1451 4000 et
1461 3959 1509 4020 pr.
1528 3937 1626 3998 Guell.
1638 3959 1684 4000 ιο.
1703 3937 1764 4000 abs.
1779 3949 1831 4000 cutt
1840 3961 1888 4021 pr.
1908 3943 1978 4004 Seu.
1990 3961 2013 4000 ι.

615 4046 675 4109 ine.
688 4063 714 4108 a.
735 4043 794 4104 abs.
809 4043 853 4106 sel
860 4063 907 4124 pr.
928 4039 1040 4102 Fabrie.
1061 4039 1145 4101 Rem.
1157 4061 1183 4102 ι.
1204 4042 1272 4102 Vin.
1291 4063 1316 4102 1.
1337 4040 1435 4103 Guell.
1452 4063 1478 4105 ι.
1499 4044 1578 4107 Vrat.
1594 4066 1619 4104 ι.
1643 4044 1705 4104 Bas.
1717 4043 1746 4116 d.
1766 4043 1835 4107 Tur.
1857 4047 1897 4108 ita
1912 4049 2013 4114 malso*

616 4153 661 4216 'res
676 4147 796 4216 Palatia.
816 4147 849 4208 in
862 4147 961 4208 ceteris
975 4145 1080 4208 eadem
1094 4146 1226 4208 lectionis
1237 4144 1366 4212 varicus.
1387 4145 1420 4207 in
1434 4145 1492 4209 ine.
1514 4167 1636 4231 praepos.
1658 4169 1719 4216 om.
1732 4148 1830 4212 Guels.
1848 4173 1875 4218 ι.
1886 4125 1918 4215 ’s'
1928 4173 1958 4238 9.
1972 4172 2014 4214 ιι.
