4570 5316
1633 451 1702 544 ¹49

299 640 415 713 runt,
441 624 612 728 iapida,
639 625 788 730 ignem,
809 605 893 698 'alia
920 639 1100 726 praterea
1130 623 1203 699 teia
1236 624 1424 730 ingerunt
1471 625 1596 700 Nostri
1623 626 1702 728 pri.

299 771 363 820 mo
393 747 582 824 resistere:
606 749 762 838 deinde,
788 746 858 821 ubi
885 773 973 821 unae
993 762 1116 848 atque·
1143 747 1277 821 alterae
1296 749 1406 824 scalae
1436 749 1702 836 comminutae,

299 868 367 970 qui
391 887 708 972 supersteterant,
739 867 1012 958 addictisunt3
1047 869 1179 959 ceteri,
1204 897 1360 972 quoquo
1381 871 1503 946 modo
1517 887 1704 974 potuere,

299 992 413 1091 pauci
439 993 594 1096 integri,
620 1021 762 1098 magna·
785 1017 872 1096 pers
899 992 1119 1066 volneribus
1144 992 1306 1067 conlecti
1337 993 1490 1068 abeunt.
1524 995 1703 1095 Denique

299 1115 493 1217 utrimque
514 1116 691 1218 praeli'um
716 1143 794 1190 nox
815 1115 977 1189 diremit
1009 1108 1204 1205 Metellus,
1226 1132 1430 1218 postquam
1444 1117 1549 1192 videt
1563 1116 1751 1191 frustra-61

299 1234 498 1339 inoeptunr
529 1265 659 1339 neque·
687 1237 876 1341 oppidum
904 1239 1015 1340 capi„
1034 1265 1160 1340 neque
1178 1238 1423 1342 Iugurtham,
1447 1239 1522 1313 nisi
1541 1265 1588 1312 ex
1602 1238 1704 1315 insi-

300 1357 371 1432 diis
390 1375 459 1432 aut
479 1385 548 1435 suo
579 1361 664 1435 loco
689 1388 860 1465 pugnam
885 1360 1024 1448 facere,
1050 1377 1089 1434 et
1121 1361 1197 1435 iam
1222 1377 1388 1436 aestatem
1418 1379 1588 1436 exactam
1612 1387 1705 1448 esse,

299 1481 353 1553 ab
374 1482 496 1556 Zama
527 1481 685 1558 discedit
717 1483 822 1557 etin
854 1481 914 1557 bis
940 1483 1120 1572 urbibus,
1146 1507 1233 1585 iprae
1256 1483 1306 1558 ad
1331 1510 1370 1559 se
1387 1484 1621 1573 defecerant,
1646 1511 1703 1558 aa·

230 1658 232 1663 .
302 1593 422 1705 tisque
443 1605 602 1680 munitae
619 1605 703 1680 loco
725 1621 794 1680 aut
822 1606 1014 1680 moenibus
1032 1623 1165 1696 erant,
1184 1606 1357 1710 praesidia
1377 1606 1549 1710 imponit
1588 1608 1704 1681 Cete-
1803 1682 1808 1688 ,

299 1755 385 1802 rum
403 1729 611 1803 exercitum
627 1729 668 1802 in
685 1729 947 1831 prouinciam,
973 1754 1059 1830 quae
1079 1754 1265 1832 proxuma
1280 1729 1470 1804 Numidiae
1478 1727 1703 1818 ,hiemandi

298 1851 416 1952 gratia
437 1850 613 1925 collocat.
640 1852 771 1952 Neque
798 1851 838 1926 id
856 1866 1004 1954 tempus
1023 1879 1069 1924 ex
1092 1851 1257 1926 aliorum
1287 1879 1392 1926 more
1417 1852 1543 1953 quieti·
1556 1869 1624 1925 aut
1645 1852 1704 1926 lu-

297 1973 416 2047 xuriae
436 1973 640 2049 concedit:
665 1974 746 2063 sed,
772 1973 955 2076 quoniam
984 1972 1098 2048 armis
1123 1972 1269 2047 bellurn
1292 2001 1433 2076 parum
1453 1975 1706 2076 procedebat,

299 2095 457 2171 iusidias-
477 2096 554 2199 regi
575 2123 646 2198 per
668 2097 806 2171 amieos
829 2089 983 2170 tendere
1008 2111 1046 2168 et
1063 2121 1197 2169 eorum
1220 2094 1381 2198 perfidia
1411 2121 1482 2198 pro
1507 2096 1626 2170 armis
1645 2097 1708 2171 uti

298 2234 422 2320 parat¹
450 2219 579 2321 I'gitur'
591 2219 865 2308 Bomilcarem,
885 2219 957 2320 qui
974 2220 1103 2292 Romae
1119 2243 1213 2292 cum.
1225 2217 1418 2319 Iugurtha
1436 2217 1561 2294 fuerat
1585 2233 1623 2292 et
1646 2218 1713 2292 ιιι--

298 2341 345 2414 de
373 2341 531 2416 vadibus
555 2338 652 2413 dat-is
679 2341 781 2414 elam·
807 2341 983 2414 Massivae·
1006 2341 1054 2414 de
1078 2365 1171 2414 nece
1195 2340 1382 2416 iudicium
1403 2339 1569 2444 fugerat,
1598 2341 1705 2442 quod

257 2537 262 2546 ,
299 2464 331 2538 ei
361 2491 430 2566 per
448 2489 672 2537 maxumum·
694 2462 902 2535 amicit-iam
925 2488 1102 2534 maxuma
1135 2460 1245 2563 copia
1264 2461 1423 2536 fallendi
1446 2478 1547 2549 erat,
1573 2463 1705 2538 multis

299 2583 640 2689 pollicitationibus
660 2583 883 2686 adgreditur
890 2617 900 2675 ;
925 2609 968 2657 ac
983 2583 1110 2686 primo
1129 2581 1258 2671 efficit,
1285 2581 1343 2655 uti
1363 2581 1412 2656 ad
1430 2582 1715 2684 secolloquem-

298 2780 377 2846 lirie..
391 2783 451 2843 ine.
470 2780 532 2842 Bas.
550 2782 613 2855 td.
634 2781 723 2842 lead.
743 2781 811 2841 Seni
831 2781 926 2846 Strur.
948 2781 1046 2845 ll'euss.
1061 2781 1127 2844 Ecc.
1142 2781 1221 2841 viat.
1235 2801 1260 2844 ι.
1273 2800 1300 2838 a.
1316 2779 1413 2840 Guell.
1432 2801 1456 2844 1.
1471 2801 1499 2840 a.
1509 2780 1540 2838 ’6.
1553 2801 1581 2860 9.
1596 2777 1648 2850 ir,
1658 2801 1712 2839 rr..

299 2885 490 2950 Paris.a.c.e.
518 2886 587 2946 Tur.
614 2887 782 2952 Bern,‚1.3.
809 2885 950 2946 vulnerat.
970 2885 1099 2962 confecti
1123 2885 1262 2956 Basta.
1282 2884 1333 2949 Ac.
1354 2885 1449 2947 Strui.
1471 2887 1530 2944 ine.
1546 2905 1572 2945 ι.
1604 2884 1711 2943 Guell..

302 2991 367 3050 ι.3.
387 2991 506 3056 volatu·¹
520 2989 573 3051 de.
592 2992 725 3050 Sanatn
748 2991 846 3055 Heuss.
868 2991 948 3049 Vrat
962 3010 990 3049 2.
1016 2989 1140 3063 <lenique
1153 2997 1211 3048 ulr.
1235 2989 1296 3048 llas.
1319 3010 1343 3047 ι.
1365 2991 1423 3048 ine.
1438 3009 1463 3047 1.
1486 2995 1587 3049 Franc.
1612 2987 1702 3047 dead.

297 3095 391 3158 Struv.
413 3095 510 3159 Guell.
521 3093 550 3154 3.
563 3095 592 3166 4.
605 3116 660 3176 7···¹
670 3117 696 3154 ι.
717 3096 802 3155 Paris.
814 3117 850 3155 c..
860 3095 1025 3154 Tunliern.
1044 3093 1108 3158 as.
1128 3092 1244 3152 deinde.
1264 3095 1305 3152 sic
1320 3095 1486 3155 vetustiores
1496 3091 1621 3163 Gruteri,
1633 3113 1712 3152 oni--

297 3217 347 3258 nes
357 3199 437 3259 Leid.
455 3200 571 3280 (prater
583 3200 643 3278 m.)
656 3198 725 3283 Τις,
747 3199 867 3262 Petita.
878 3198 948 3258 bd.
970 3198 1106 3275 utrinque
1125 3196 1223 3266 ΒΜ.
1245 3207 1273 3255 et
1285 3199 1324 3255 ita
1338 3197 1458 3276 saepius..

346 3365 434 3447 Cap.
446 3368 495 3426 61.
516 3367 654 3427 ubi-videt
673 3367 735 3426 Bas.
749 3388 781 3425 1..
795 3385 885 3446 noque
901 3365 1080 3443 Iugurtham
1095 3359 1403 3424 uastantibus.
1422 3362 1518 3421 Gutll'.
1530 3364 1594 3422 ab.
1606 3363 1702 3429 Strui.

297 3471 376 3538 brat.
392 3492 418 3531 1.
446 3471 516 3531 Tur.
538 3473 574 3530 de
586 3472 713 3542 Gruleu',
732 3470 821 3542 nivii,
841 3471 971 3531 Hare'rc..
983 3467 1064 3526 libris
1084 3467 1161 3526 nihil
1180 3478 1301 3527 constat.
1321 3469 1362 3525 ila
1382 3447 1463 3526 certe*
1477 3467 1514 3526 ab
1536 3469 1569 3526 iis
1589 3468 1701 3528 editum

297 3585 347 3636 ost.
369 3577 455 3634 multi
474 3573 546 3646 nili,
567 3575 626 3634 nisi
643 3577 674 3634 iu
693 3573 797 3654 quibus
816 3573 925 3640 Sena.
947 3573 1120 3642 Guell..1.l.
1133 3593 1203 3652 7..9.
1216 3592 1260 3631 ιι.
1284 3573 1344 3631 inc.
1364 3569 1416 3630 Ar.
1438 3571 1537 3630 lleuss.
1559 3572 1620 3630 Bas.
1633 3594 1659 3634 ι.
1671 3572 1700 3642 4,

296 3680 380 3740 Bem.
394 3701 419 3745 ι.
431 3682 468 3742 3..
479 3681 516 3739 ob
531 3699 561 3738 se
573 3681 742 3756 destinarant
755 3678 877 3758 plurimi
892 3675 978 3740 libri„
990 3677 1026 3734 ab
1037 3695 1095 3735 sese
1103 3717 1116 3746 ,
1132 3677 1168 3734 ab
1183 3695 1264 3754 rege,
1286 3677 1322 3734 ab
1337 3674 1486 3754 Iugurtha
1503 3677 1600 3755 pauci.
1622 3677 1664 3734 ad
1674 3695 1703 3734 rs

297 3783 411 3846 Babae.
425 3805 451 3850 1.
471 3804 568 3864 nupt.
594 3781 706 3842 Fabiis.
720 3803 748 3841 2.
769 3784 828 3842 inc.
848 3783 961 3861 aliquot
975 3781 1052 3843 Rivii
1067 3791 1095 3840 et
1109 3779 1234 3839 Gruteri.
1255 3779 1335 3838 Leid.
1350 3800 1381 3838 n.
1402 3780 1503 3848 baal.
1523 3779 1592 3836 Tur.
1614 3777 1701 3856 Com.

295 3887 407 3949 llronto
423 3909 445 3952 s.
457 3911 484 3950 v.
503 3888 619 3965 deflete..
630 3907 667 3947 ae
679 3887 712 3946 in
725 3887 841 3947 urbibus
859 3886 921 3946 Bas.
933 3886 970 3956 l..
983 3886 1017 3945 in
1029 3885 1184 3966 provincia
1202 3882 1252 3943 Ac.
1274 3885 1370 3942 Sonat.
1384 3903 1421 3942 a..
1440 3883 1546 3940 lleussi.
1559 3879 1656 3939 Guelf.
1671 3903 1700 3962 9.

297 4012 347 4070 ιι.
367 3993 447 4052 Leid.
460 4013 498 4052 n..
511 3993 571 4054 Erl.
591 3973 676 4064 Boin.
692 4013 716 4050 ι.
737 4002 777 4052 est
789 3991 880 4052 Num.
901 3998 941 4049 est
955 4010 1025 4048 om„
1037 3988 1088 4048 Aca
1108 3988 1169 4046 Bas.
1179 3989 1217 4058 4.,
1230 3989 1316 4046 etiam
1332 3987 1453 4060 llarerc.
1474 3985 1703 4046 adsentientibus

298 4097 379 4158 Leid.
400 4117 439 4159 ee
454 4096 495 4155 al.
511 4116 592 4156 more
612 4116 733 4176 praepos.
755 4096 923 4154 orn..Guell.
938 4096 966 4166 4.
987 4095 1083 4154 Strur.
1110 4091 1241 4152 Massiva:
1259 4093 1296 4148 de
1311 4109 1379 4149 neos
1400 4089 1554 4148 Commel..
1571 4095 1659 4150 Palat.
1675 4111 1702 4152 a.

297 4203 397 4262 Senot
412 4221 443 4260 ι..
457 4201 538 4262 blnrlr
551 4213 580 4264 Γ.
607 4200 640 4257 Β.
650 4200 729 4258 Pub..
742 4187 822 4258 Leid.
843 4200 929 4257 etiam
946 4197 1061 4255 firmare
1077 4196 1221 4255 videntur.
1242 4193 1338 4252 Turis.
1360 4211 1482 4272 praepos.
1505 4213 1565 4252 orn.
1588 4193 1701 4254 Fabric.

298 4304 365 4370 vin.
380 4327 404 4365 ι.
425 4305 573 4372 Glisma,
585 4305 622 4362 de
632 4303 765 4366 Mastia
779 4321 847 4362 nece
866 4300 950 4361 couri
959 4301 1013 4373 „in
1031 4297 1144 4380 quibus.
1155 4297 1216 4356 Bas.
1230 4317 1265 4355 ι..
1277 4295 1384 4356 deindo
1393 4297 1458 4372 fide
1478 4297 1519 4356 tie
1530 4316 1631 4357 omnes
1643 4317 1714 4358 uum
