4542 5318
608 437 680 530 274

607 607 750 684 dicium
778 607 835 682 sit.
885 608 1033 684 Iudices
1064 633 1086 682 a
1121 608 1252 711 paucis
1288 607 1458 711 probari,
1484 607 1644 710 regnum
1667 623 1739 699 est3
1763 632 1810 681 ex
1841 612 2004 710 pecunia

590 731 701 835 degi,
729 729 982 806 inhonestum.
1034 731 1164 827 Quare
1187 757 1315 806 omnes
1346 732 1479 834 primoe
1506 732 1630 805 classis
1658 731 1826 805 iudicare
1854 732 2009 834 placet,

607 853 673 929 sed
697 880 858 928 numero
873 853 1019 957 plures,
1046 854 1367 956 quamiudicant.
1416 853 1547 956 Neque
1571 853 1754 942 Rhodios,
1775 881 1900 956 neque
1917 856 2008 930 alias
2110 869 2123 880 '

610 977 775 1052 civitates
803 1003 991 1077 umquam
1019 1002 1177 1051 suornm
1203 977 1434 1050 iudiciorum
1462 976 1667 1079 poenituit,
1703 963 1771 1051 u'bi
1798 979 2013 1081 promiscue

610 1099 711 1172 dives
726 1113 765 1173 et
783 1125 949 1202 pauper,
975 1116 1021 1174 ιιι
1040 1099 1179 1202 cuique
1191 1103 1280 1174 'sors
1306 1099 1409 1186 tulit,
1431 1099 1478 1174 de
1498 1100 1686 1174 maxumis
1706 1101 1816 1174 rebus
1840 1101 1946 1174 iuxta
1965 1107 2033 1180 ac'.

580 1219 657 1297 ade
677 1221 861 1296 minumis
878 1221 1070 1326 disceptat
1119 1222 1191 1298 Sed
1210 1223 1257 1296 de
1277 1223 1555 1326 magistratibus
1571 1222 1744 1297 creandis
1769 1222 1877 1298 haud
1912 1223 2010 1298 mihi

612 1343 770 1445 quidem
791 1345 952 1420 absurde
970 1345 1096 1448 placet
1116 1346 1197 1436 lex,
1224 1371 1340 1447 quam
1360 1348 1396 1420 C
1416 1344 1613 1420 Gracchus
1635 1346 1677 1418 in
1703 1346 1902 1420 tribunatu
1923 1375 2014 1450 pro·

564 1511 565 1516 =
611 1466 864 1570 mulgaverat,
888 1484 935 1542 ut
951 1494 998 1542 ex
1017 1467 1182 1543 confusis
1198 1471 1371 1572 quinque
1395 1469 1573 1544 classibus
1593 1467 1685 1544 sorti
1710 1471 1892 1544 centuriae
1904 1498 2013 1545 voca-

612 1605 755 1663 rentur.
778 1593 835 1662 Ita
850 1592 1035 1692 coaequati
1051 1591 1450 1694 dignitatejpccunia,
1463 1583 1605 1668 virtute
1618 1591 1762 1665 anteire
1773 1591 1871 1666 alius
1886 1592 2007 1668 alium

611 1712 841 1814 properabit
881 1715 971 1786 Hoec
988 1741 1056 1818 ego
1079 1740 1216 1816 magna
1234 1714 1398 1788 remedia
1421 1730 1555 1788 contra
1580 1713 1729 1788 divitias
1744 1728 1878 1788 statuo.
1908 1709 2011 1790 'Nam

611 1833 771 1935 perinde
792 1861 921 1908 omnes
952 1861 1009 1910 res
1036 1836 1247 1910 laudantur
1264 1853 1381 1938 atque
1396 1853 1649 1940 appetuntur,
1665 1854 1710 1910 ut
1728 1863 1860 1910 aarum
1883 1864 2012 1912 rerum

612 1979 702 2027 usus
721 1971 777 2027 est
802 1987 811 2028 ε
836 1956 982 2030 malitia
1000 1958 1165 2059 praemiis
1179 1974 1384 2034 exercetur.
1435 1959 1509 2033 Ubi
1528 1984 1571 2033 ea
1594 1957 1785 2048 demseris,
1801 1984 1913 2034 nemo
1931 1988 2012 2035 om-

613 2075 724 2148 nium
741 2077 907 2179 gratuito
927 2080 1050 2154 malus
1065 2097 1127 2155 est
1155 2083 1332 2155 Ceterum
1344 2081 1521 2167 avaritia,
1546 2082 1675 2156 bellua
1692 2081 1790 2172 fera,
1805 2083 2012 2176 immanis,

612 2197 854 2273 intoleranda
876 2215 957 2274 est:
980 2229 1058 2302 quo
1077 2203 1262 2291 intendit,
1289 2203 1452 2306 oppida,
1477 2229 1601 2307 agros,
1632 2204 1722 2279 fana
1742 2221 1857 2306 atque
1881 2207 2012 2285 domos

612 2335 758 2393 vastat:
782 2320 912 2396 divina
934 2349 1023 2396 oum
1052 2321 1232 2397 humanis
1257 2325 1482 2424 permiscet:
1510 2351 1636 2428 neque
1658 2328 1864 2418 exercitus,
1888 2359 2013 2436 neque

613 2440 757 2515 moenia
776 2443 946 2533 obstant,
972 2469 1050 2546 quo
1077 2444 1205 2518 minus
1229 2444 1351 2519 visua
1371 2463 1570 2548 penetret;
1594 2447 1714 2540 sama,
1735 2451 1943 2552 pudicitia,
1968 2458 2014 2532 li-

612 2562 730 2652 beris,
745 2564 869 2666 patria
890 2581 1007 2668 atque
1040 2568 1263 2670 parentibus
1284 2586 1442 2644 cunctos
1474 2571 1644 2644 mortalis
1673 2572 1819 2674 spoliat
1846 2579 2013 2669 Verum,

613 2685 643 2759 si
658 2687 832 2787 pecuniae
850 2687 964 2763 decus
990 2689 1198 2781 ademeris,
1215 2718 1354 2795 magna
1390 2692 1456 2766 illa
1487 2695 1546 2766 vis·
1571 2695 1739 2768 avaritiae
1762 2695 1873 2800 facile
1902 2701 2013 2780 honis

613 2807 784 2882 moribus
804 2809 1009 2884 vincetur·
1029 2815 1154 2914 Atque
1176 2812 1258 2887 haec
1273 2815 1326 2886 ita
1340 2839 1416 2890 sese
1436 2813 1586 2904 habere,
1606 2819 1752 2891 tametsi
1768 2845 1897 2895 omncs
1911 2829 2011 2928 aequi

613 2943 730 3029 atque
744 2929 869 3032 iniqui
886 2950 1097 3008 memorent
1116 2967 1123 3008 ι
1150 2953 1278 3010 tamen
1296 2936 1366 3010 tibi
1383 2964 1472 3011 cnm
1493 2937 1657 3012 factione
1677 2941 1887 3017 nobilitatis
1908 2945 2013 3024 haud

617 3051 858 3128 mediocriter
876 3055 1101 3129 certandum
1122 3075 1197 3148 est3
1222 3058 1331 3130 cuius
1355 3058 1386 3132 si
1401 3058 1534 3133 dolum
1546 3061 1703 3149 caveris,
1730 3063 1804 3136 alia
1819 3055 1947 3143 omnia
1969 3072 2011 3147 in

611 3173 773 3276 proclivi
798 3191 921 3251 erunt
971 3177 1069 3250 Nam
1091 3177 1154 3268 hi,
1177 3180 1208 3254 si
1232 3179 1373 3254 virtute
1394 3181 1483 3256 satis
1519 3183 1710 3274 valerent,
1734 3186 1852 3290 magis
1882 3195 2009 3270 aemnli

613 3295 805 3371 bonorum
826 3325 944 3400 quam
971 3299 1091 3374 invidi
1116 3317 1242 3376 essent.
1294 3303 1397 3400 Quia
1416 3303 1580 3396 desidia,
1603 3323 1642 3381 et
1653 3305 1812 3397 inertia,
1828 3329 1865 3387 et
1879 3333 2013 3420 stupor

611 3443 673 3490 eos
698 3435 814 3520 cupre
841 3421 996 3524 torpedo
1015 3423 1175 3516 invasit3
1199 3440 1396 3527 strepunt,
1423 3425 1655 3517 obtrectant,
1679 3430 1845 3510 alienam
1870 3437 2011 3516 famam

503 3647 505 3652 ,
586 3535 763 3636 9ibonam
782 3563 895 3613 suum
916 3541 1076 3618 dedecus
1097 3563 1306 3620 aestumant
1354 3546 1452 3636 Sed,
1478 3547 1573 3650 quid
1599 3575 1666 3654 ego
1683 3551 1813 3654 plura,
1838 3562 1947 3662 quasi
1965 3563 2012 3640 de

607 3760 693 3822 Fabr·
715 3761 789 3824 Brie·
810 3761 980 3829 vetusssdit
999 3763 1166 3823 unumne
1187 3767 1272 3826 ran.
1292 3766 1368 3826 aaa
1389 3777 1469 3829 vaus
1489 3767 1565 3826 rau.
1586 3769 1620 3830 aa
1635 3774 1710 3832 ano
1728 3775 1812 3836 aava
1828 3779 2011 3849 minuam,

607 3863 640 3924 id
659 3885 694 3926 eo
714 3867 807 3927 Vatic.
821 3868 852 3924 in
870 3865 953 3927 Febr.
974 3877 1003 3926 et
1016 3866 1091 3926 Bric.
1108 3869 1188 3928 *mico
1203 3871 1289 3930 donst.
1314 3890 1377 3929 una
1393 3873 1492 3930 ardua
1506 3873 1554 3932 vio
1576 3875 1660 3936 Fabr.
1680 3889 1709 3938 et
1723 3877 1797 3940 Brie.
1817 3883 1860 3946 sic
1875 3895 1907 3946 ut
1921 3909 2012 3967 nequa

601 3980 716 4047 pretor
734 3969 826 4030 Vatia.
847 3967 889 4028 sio
904 3989 995 4048 neque
1004 3981 1117 4050 prator
1138 3971 1221 4034 Fabr.
1238 3985 1267 4034 ct
1289 3974 1364 4034 Bria.
1384 3974 1412 4034 si
1425 3984 1457 4034 ιιι
1478 3996 1569 4054 nequo
1586 3989 1667 4040 retus
1682 3981 1759 4042 Edit.
1779 3986 1807 4044 si
1816 4007 1908 4066 n0qu0
1927 3991 2009 4054 0011,

606 4081 639 4130 αἱ
653 4074 755 4152 atique
762 4075 833 4150 sors
852 4073 948 4133 Vatia·
964 4111 1009 4124 -
1030 4071 1103 4156 Cap.
1115 4077 1144 4136 8.
1164 4079 1215 4138 sod
1231 4077 1448 4158 magistrantis
1466 4099 1509 4138 or.
1531 4080 1624 4142 vatic.
1643 4095 1671 4144 ct
1686 4097 1766 4146 vetus
1777 4089 1884 4151 Editio.
1906 4096 1946 4154 de
1958 4118 2010 4158 ω.

607 4176 659 4236 teri
675 4177 799 4238 addunt.
814 4177 889 4238 sorti
909 4175 996 4244 Febr.
1010 4178 1085 4240 Bria.
1105 4179 1149 4241 ito
1160 4189 1356 4260 coemuntur
1375 4181 1487 4250 Fabrie.
1499 4193 1528 4242 ot
1540 4196 1621 4246 retus
1634 4189 1713 4250 Edit.
1733 4191 1776 4250 ita
1788 4197 2008 4272 coaequarum,
