4560 5338
1604 437 1655 512 Ω9

246 576 377 654 omnia
401 603 521 681 quam
547 577 662 658 decus
685 596 800 686 atque
823 583 1011 688 pudicitia
1034 584 1133 662 fuit:
1166 591 1339 692 pecuniae
1365 619 1416 668 an
1442 592 1556 680 damae
1581 593 1655 670 mi·
1689 691 1693 698 .

245 726 319 778 nus
343 721 542 805 parceret,
582 703 690 781 haud
725 704 838 782 facile
870 707 1128 786 discerneres:
1162 711 1298 788 lubido
1328 715 1381 790 sic
1410 743 1584 807 accensa,
1608 732 1655 792 ut
1688 791 1696 804 ,

246 825 383 928 saepius
417 843 562 931 peteret
587 827 687 904 viros
721 829 839 932 qiram
867 847 1069 935 peteretur.
1120 834 1192 909 Sed
1226 862 1269 912 ea
1294 863 1391 940 saepe
1416 838 1579 916 antehac
1614 839 1658 920 liv
1691 915 1697 928 ,

249 949 337 1026 dem
358 950 601 1054 prodiderat,
625 951 816 1026 creditum
833 953 1091 1046 abiurarerat,
1120 959 1231 1033 caedis
1260 962 1411 1036 conscia
1435 962 1575 1054 fuerat,
1597 961 1658 1040 lu·
1693 1055 1695 1060 ,

250 1075 360 1149 xuria
384 1089 500 1177 atque
519 1073 650 1177 inopia
670 1100 836 1179 praeceps
863 1077 1016 1152 abierat
1053 1059 1207 1156 ¹Verum
1226 1083 1425 1187 ingenium
1444 1086 1524 1160 eius
1551 1083 1660 1161 haud
1675 1129 1698 1179 .·
1742 1117 1749 1134 ·

251 1197 480 1291 absurdum
515 1223 622 1301 posse
640 1185 767 1274 versus
793 1198 936 1292 facere,
970 1202 1099 1277 iocum
1126 1231 1295 1296 movere,
1320 1232 1493 1285 sermone
1521 1209 1580 1282 u'ti
1601 1207 1661 1284 vel

253 1319 439 1412 modesto,
461 1320 521 1396 vel
546 1321 672 1412 molli,
702 1322 761 1397 vel
783 1324 956 1426 procaci,
991 1352 1144 1428 prorsus
1176 1329 1308 1403 multae
1332 1328 1477 1404 lacetiae
1499 1331 1661 1422 multur-
1814 1417 1819 1426 ‚

253 1473 328 1548 que
345 1445 448 1549 lepos
468 1445 599 1519 inerat
650 1444 718 1519 His
737 1445 848 1538 rebus
868 1435 1117 1550 comparatio,
1140 1452 1307 1526 Catilina
1329 1452 1454 1528 nihilo
1474 1455 1603 1530 minus
1619 1455 1662 1532 in
1674 1457 1712 1517 2⁶

186 1593 192 1607 ¹
252 1595 486 1673 proxumum
519 1595 669 1652 annum
705 1569 948 1644 consulatum
978 1573 1149 1675 petebat,
1182 1600 1356 1677 sperans,
1388 1577 1420 1648 si
1448 1565 1664 1681 designatus
1703 1658 1705 1666 ,

254 1692 372 1783 foret,
396 1690 508 1766 facile
524 1717 562 1766 se
579 1717 625 1766 ex
647 1690 846 1767 voluntate
860 1694 1030 1769 Antonio
1045 1719 1214 1770 usurum
1240 1698 1373 1798 Neque
1393 1699 1538 1774 interea
1558 1701 1666 1802 quie-

257 1833 317 1890 tus
341 1830 440 1905 erat,
462 1814 528 1889 sed
545 1814 722 1890 omnihus
746 1815 868 1890 modis
888 1799 1044 1892 insidias
1061 1818 1223 1921 parabat
1238 1820 1420 1894 Ciceroni.
1454 1823 1586 1925 Neque
1607 1823 1667 1896 illi

256 1956 383 2014 tamen
403 1938 455 2013 ad
478 1939 692 2014 cavendum
706 1938 816 2014 dolus
838 1955 907 2013 aut
939 1941 1087 2016 astutiae
1114 1941 1281 2017 deerant
1314 1944 1489 2046 Namque
1510 1973 1532 2018 a
1560 1947 1667 2049 priu-

256 2063 357 2166 cipio
379 2063 598 2138 consulatus
615 2062 696 2152 sui,
720 2062 843 2136 multa
862 2062 1082 2166 pollicendo
1105 2091 1175 2168 per
1193 2065 1391 2155 Fulviam,
1415 2067 1606 2159 effecerat,
1623 2085 1670 2142 ut
1703 2157 1709 2174 Α,

259 2187 305 2285 Q.
319 2187 472 2278 Curius,
497 2186 546 2261 de
573 2213 651 2289 quo
676 2185 809 2290 paullo
834 2201 926 2262 ante
953 2187 1183 2276 memoravi,
1207 2189 1370 2264 consilia
1398 2191 1573 2266 Catilinae
1595 2193 1668 2282 sihi
1708 2291 1712 2298 .

259 2310 444 2414 proderet.
481 2308 541 2384 Ad
573 2308 648 2384 hoc
676 2309 859 2414 collegam
878 2335 993 2384 ouum
1021 2311 1237 2385 Antonium
1263 2313 1441 2415 pactione
1462 2315 1669 2417 provinciae

260 2435 498 2539 perpulerat,
524 2459 574 2509 ne
597 2449 730 2510 contra
752 2459 833 2508 rem
854 2431 1053 2536 publicam
1074 2433 1251 2526 sentiret,
1275 2436 1422 2513 circum
1436 2463 1474 2512 se
1492 2439 1669 2542 praesidia

261 2641 288 2691 et
311 2642 455 2708 camare,
480 2595 625 2715 psallere.¹
644 2630 741 2692 Guelf.
757 2631 787 2691 3.
813 2630 955 2712 psallere,
975 2630 1084 2693 culture
1102 2642 1235 2695 cantore.
1265 2633 1363 2696 Guelf.
1378 2638 1407 2696 8.
1436 2595 1517 2697 Leid.
1533 2637 1564 2697 b.
1587 2639 1672 2718 psal-

265 2737 325 2798 lere
344 2746 372 2798 et
390 2748 527 2798 cantore..
543 2738 610 2798 Ecc.
631 2738 766 2797 Senatu.
788 2736 889 2796 Heuts.
908 2738 968 2797 inc.
998 2758 1024 2797 1.
1045 2737 1125 2797 Leid.
1145 2759 1186 2796 m.
1206 2738 1331 2799 delmi.
1355 2740 1485 2819 puellare
1493 2752 1523 2805 et
1541 2754 1678 2803 cantore.-

264 2843 364 2908 Guell.
376 2844 404 2902 6.
423 2842 561 2923 psallere,
581 2841 704 2914 saltare,
725 2842 859 2901 meliores
875 2841 942 2901 libri
960 2840 1065 2901 Gortii.
1084 2841 1208 2903 Laida.
1223 2841 1255 2901 h.
1278 2843 1363 2904 Paris.
1385 2845 1462 2904 Edit.
1475 2845 1606 2906 Macroli.
1619 2846 1674 2906 st-

265 2959 343 3008 turn.
356 2948 384 3012 3.
402 2949 447 3018 ι4.
477 2948 602 3028 psallere
621 2956 649 3007 et
668 2948 788 3008 saltare.
808 2946 971 3006 1eid.c.d.
986 2969 1011 3006 e.
1031 2948 1052 3006 f.
1066 2967 1094 3028 g.
1106 2947 1126 3012 i.
1137 2947 1165 3013 t.
1179 2951 1200 3012 l‘.
1221 2968 1324 3008 omner
1335 2949 1399 3009 Bar.
1417 2949 1487 3008 Tur.
1500 2971 1525 3010 ι.
1539 2971 1565 3016 2.
1587 2950 1673 3012 Beru.

270 3075 295 3113 ι.
306 3053 336 3113 3.
358 3054 420 3112 luc.
436 3061 505 3114 eunt
527 3079 536 3111 ι
556 3061 627 3112 runt
647 3055 748 3113 locum
764 3062 858 3111 mutat
870 3052 902 3110 iu
918 3051 1016 3111 Guell.
1040 3073 1068 3115 a.
1090 3052 1118 3116 6.
1147 3051 1260 3113 Fabric.
1278 3073 1305 3118 a.
1327 3053 1394 3114 llcc.
1415 3053 1507 3114 iactr-,¹
1522 3076 1586 3136 quoe
1611 3057 1678 3116 lux.

269 3157 430 3237 (amount)
451 3157 537 3222 Rern.
553 3178 582 3217 a.
603 3159 667 3216 dee
683 3156 937 3236 osquepud.fuit..
959 3155 1043 3216 R‘cm.
1064 3155 1150 3216 retr.
1172 3156 1258 3216 Paria.
1269 3177 1301 3215 a..
1311 3156 1381 3217 c..d.
1401 3158 1469 3216 Seu.
1486 3180 1510 3224 1.
1532 3159 1594 3218 Bae.
1610 3181 1635 3224 ι.
1647 3179 1675 3220 a.

268 3263 366 3327 Guell.
385 3285 410 3322 1.
427 3282 454 3322 ι.
466 3262 494 3326 5.
514 3262 584 3344 Teg.
605 3261 687 3321 leid.
699 3281 731 3320 n.
754 3261 807 3340 (ιιι.
819 3261 878 3342 pr.)
899 3261 969 3320 Tur.
984 3283 1009 3325 1.
1022 3260 1116 3319 'Bern
1138 3259 1316 3336 1.3.suera.
1345 3279 1448 3320 omues
1456 3261 1537 3321 Leid.
1558 3261 1675 3343 Turdo.

267 3367 372 3433 fland.
387 3369 415 3440 4.
438 3366 529 3427 Bern.
544 3387 572 3431 a.
593 3364 693 3425 lubido
704 3365 747 3425 sie
759 3383 893 3426 occentet
914 3365 1011 3424 Guell.
1028 3385 1053 3422 ι.
1070 3365 1097 3423 5.
1119 3365 1185 3424 Seu.
1199 3385 1225 3423 1.
1246 3364 1331 3430 Fabr.
1348 3384 1373 3423 ι.
1394 3351 1463 3430 Tur.
1479 3383 1503 3424 ι;
1529 3367 1591 3445 (m.
1608 3369 1675 3449 pr.)

210 3527 213 3532 .
267 3473 346 3535 Serv.
363 3471 411 3532 ad.
426 3470 498 3536 Aen.
513 3471 542 3530 6.
561 3471 629 3530 525.
651 3469 840 3530 diremerat.
860 3489 962 3530 omnes
983 3468 1064 3527 [zeid.
1086 3467 1147 3526 B'at.
1170 3467 1230 3526 Erl.
1250 3467 1319 3550 Τις.
1340 3467 1410 3530 Tur.
1426 3470 1516 3530 ‘B'ern
1537 3473 1678 3532 decerna·

270 3597 324 3638 rea.
346 3576 463 3636 Cottius
476 3587 505 3636 et
514 3575 593 3637 Edit.
612 3575 697 3635 Paria.
717 3595 798 3656 porra
813 3576 900 3650 msa
919 3593 1002 3653 posse
1014 3593 1076 3632 non
1092 3583 1180 3632 exstat
1198 3573 1230 3631 in
1244 3573 1311 3639 Seu.
1325 3594 1353 3633 a.
1375 3574 1476 3635 Heme.
1497 3577 1598 3638 locum
1608 3597 1678 3638 mu-

270 3694 311 3743 tat
326 3683 358 3742 in
373 3681 436 3741 Bae.
449 3681 479 3753 4.
500 3681 583 3761 lepos·
596 3679 697 3740 laudat
711 3679 830 3741 Charis..
844 3701 876 3762 p.
894 3680 959 3760 189.
981 3676 1161 3744 Ed..l'utaeh.
1183 3677 1311 3737 inerant.
1332 3678 1428 3743 Palat..
1440 3702 1468 3762 7.
1484 3701 1513 3760 9.
1535 3681 1636 3743 Vinar.
1649 3699 1676 3740 a.

271 3789 330 3853 ine.
343 3807 371 3853 a.
390 3785 473 3858 Leid.
485 3808 512 3848 ct
524 3807 554 3868 g.
574 3785 647 3867 Teg.
665 3783 735 3844 Tur.
754 3805 780 3844 ι.
793 3785 917 3862 facetiae
931 3788 1007 3844 tales·
1019 3805 1059 3842 m.
1074 3783 1102 3844 t,
1115 3783 1184 3863 Teg.
1205 3781 1275 3842 Tur.
1292 3803 1318 3842 r.

335 3913 409 3997 Cap.
420 3915 468 3975 26.
490 3917 550 3976 dea.
565 3913 677 3974 conca
697 3911 756 3972 ll'rl.
777 3913 857 3972 Leid.
873 3912 903 3970 d'.
915 3911 946 3970 h.
968 3911 1029 3970 Bas.
1041 3910 1069 3971 3.
1083 3910 1112 3981 4.
1133 3909 1247 3974 laide.
1261 3910 1292 3970 d.
1313 3909 1398 3971 Bern.
1411 3910 1441 3988 3,
1462 3912 1533 3988 dis.
1547 3930 1573 3970 c.
1594 3911 1678 3973 Leid.

273 4043 301 4106 g.
318 4041 350 4081 u.
371 4022 498 4081 Berua.
517 4017 732 4098 fultafioerat.
753 4015 849 4082 Guelf.
864 4017 892 4076 5.
913 4015 1149 4076 commemoravi
1162 4013 1231 4096 Teg.
1245 4013 1315 4075 vin.
1332 4035 1360 4075 ι.
1372 4015 1471 4079 neue.
1491 4015 1680 4078 Stmv.Leid.
1748 4035 1750 4042 ¹

275 4129 304 4185 d.
324 4127 353 4189 l.
373 4125 443 4191 Tur.
462 4148 487 4190 ι.
509 4125 593 4190 Beru.
614 4145 640 4182 ι..
653 4123 682 4183 3.
700 4123 877 4202 perpederat.
905 4121 1088 4182 vetustissimi
1108 4118 1206 4180 Codd.
1232 4120 1391 4200 pepulerat·
1412 4119 1509 4201 Guell.
1527 4140 1553 4180 1.
1574 4120 1636 4186 Bas.
1651 4119 1686 4187 3,

273 4231 481 4311 perpepttlerat.
505 4229 618 4289 labile.
643 4247 670 4293 a.
690 4227 758 4291 Ece.
779 4247 820 4285 m.
834 4247 890 4286 tec.
909 4225 1083 4307 prenderat.
1105 4223 1202 4288 Guell.
1218 4225 1247 4294 4.
1269 4224 1459 4304 compulerat.
1472 4221 1523 4289 l'c.
1541 4225 1682 4307 propule-

276 4345 333 4397 rat.
354 4337 413 4396 ine.
434 4333 519 4395 uena
535 4354 565 4393 ι..
592 4332 694 4396 Guelf.⁴
708 4352 736 4396 a.
748 4331 818 4397 5.,6.
834 4353 863 4412 9.
884 4351 929 4391 ιι..
948 4349 1001 4390 ιι..
1021 4329 1083 4390 Bae.
1097 4349 1125 4389 a.
1146 4327 1248 4388 strar„
1262 4327 1320 4393 vin
1350 4337 1444 4410 uterq,
1465 4328 1527 4391 Bar.
1544 4330 1573 4401 l,
1594 4329 1688 4390 Berua
