4582 5320
624 427 674 506 52

622 605 748 710 deque
768 631 811 682 ea
833 631 875 680 re
898 605 1096 710 postulant
1115 605 1174 678 uti
1201 601 1394 678 referatur.
1428 605 1562 704 Itaque
1589 597 1810 674 consulente
1843 596 2023 672 Cicerone

622 729 801 834 frequens
832 730 990 806 Senatus
1010 727 1209 805 decernit:
1249 725 1451 828 Tarquinii
1486 723 1674 800 indicium
1706 721 1845 796 falsum
1878 717 2025 809 videri3

621 877 787 955 eumque
803 852 846 928 in
863 852 1025 958 uinculis
1050 849 1316 939 retinendum,
1342 875 1467 952 neque
1495 847 1660 952 amplius
1685 862 1908 950 potestatem
1933 839 2024 916 saci-

620 974 790 1064 undam,
814 975 889 1050 nisi
909 974 957 1052 de
968 1001 1012 1050 eo
1033 973 1240 1062 indicaret,
1260 973 1368 1047 cuius
1382 971 1540 1047 consilio
1554 987 1701 1046 tantam
1719 996 1799 1043 rem
1812 985 1903 1043 esset
1918 993 2022 1040 men-

501 1160 503 1166 ,
619 1096 719 1192 titus.
758 1099 881 1172 Erant
904 1125 948 1172 eo
978 1114 1174 1202 tempore,
1208 1097 1277 1201 qui
1298 1111 1558 1184 oestumarent,
1587 1093 1776 1169 indicium
1808 1090 1907 1167 illud
1932 1118 1953 1164 a
1983 1093 2018 1162 P.

617 1220 806 1297 Autronio
831 1219 1116 1311 machinatum,
1142 1248 1219 1325 quo
1237 1220 1406 1309 facilius,
1432 1218 1624 1323 adpellata
1640 1220 1792 1304 Crasso,
1817 1243 1887 1319 per
1908 1213 2020 1288 socie·

619 1355 736 1419 tatem
758 1342 921 1447 periculi
951 1343 1116 1446 reliquos
1137 1343 1240 1418 illius
1274 1343 1445 1448 potentia
1472 1357 1619 1448 tegeret.
1657 1341 1733 1415 Alii
1766 1338 2021 1442 Tarquinium

618 1491 640 1540 a
672 1467 852 1542 Cicerone
882 1467 1092 1542 immissum
1123 1467 1299 1556 aiebant,
1323 1494 1372 1542 ne
1402 1469 1571 1555 Crassus,
1608 1490 1713 1541 more
1739 1489 1826 1553 suo,
1851 1476 2020 1565 suscepto

617 1588 808 1665 malorum
833 1592 1067 1695 patrocinio,
1091 1589 1371 1695 rempublicam
1392 1581 1647 1663 conturbaret.
1694 1591 1824 1690 Ipsum
1849 1589 2021 1660 Crassum

617 1738 685 1816 ego
705 1729 834 1815 postea
862 1715 1136 1816 praedicantem
1164 1713 1310 1802 audiri,
1347 1729 1494 1786 tantam
1518 1710 1626 1786 illam
1653 1709 1926 1785 contumeliam
1947 1707 2018 1782 sibi

570 1821 669 1908 lsab
689 1835 870 1910 Cicerone
895 1836 1120 1941 impositam
1168 1837 1241 1910 Sed
1268 1835 1386 1910 isdem
1404 1835 1637 1939 temporibus
1668 1835 1713 1930 Q
1743 1833 1900 1909 Catulus
1924 1847 1962 1906 et
1982 1833 2018 1906 C.

615 1957 715 2046 Piso,
741 1984 867 2062 neque
885 1960 1080 2062 precibus,
1102 1984 1228 2061 neque
1246 1957 1388 2062 gratia,
1421 1985 1545 2060 neque
1564 1957 1687 2061 pretio
1707 1957 1928 2032 Ciceronem
1951 1956 2019 2029 im-

615 2079 757 2183 pellere
772 2096 951 2188 potuere,
975 2082 1034 2157 uti
1056 2109 1126 2187 per
1144 2081 1385 2186 Allobroges,
1416 2097 1485 2156 aut
1503 2081 1625 2156 alium
1652 2081 1819 2156 indicem
1842 2082 1880 2154 C.
1900 2083 2020 2156 Caesar

616 2203 713 2302 salso
726 2204 1001 2280 nominaretur.
1027 2207 1124 2281 Nam
1139 2222 1302 2308 uterque
1318 2232 1407 2279 cum
1427 2204 1493 2278 illc
1512 2205 1632 2308 gravis
1647 2203 1866 2280 inimicitias
1877 2229 2019 2278 exerce·

616 2327 691 2402 bat
717 2326 800 2402 Piso
816 2343 1059 2432 oppugnatus
1077 2329 1119 2404 in
1141 2327 1289 2403 iudicio
1301 2328 1554 2433 pecuniarum
1571 2327 1889 2432 repetundarum,
1905 2353 2017 2430 prop

617 2465 675 2546 ter
695 2449 894 2526 cuiusdam
918 2451 1183 2556 Transpadani
1208 2451 1443 2555 supplicium
1469 2451 1675 2526 iniustum:
1715 2451 1872 2526 Catulus
1889 2477 1934 2524 ex
1955 2477 2018 2554 pe-

619 2571 752 2651 titione
770 2572 1017 2651 Pontificatus
1045 2575 1134 2652 odio
1156 2575 1348 2665 incensus,
1375 2575 1480 2678 quod
1498 2592 1662 2652 extrema
1681 2590 1805 2663 aetate,
1832 2573 2017 2650 maxumis

616 2773 645 2832 7.
656 2753 685 2813 8.
701 2775 746 2814 ιο.
767 2755 826 2816 ἱιιο.
841 2775 869 2820 ι.
887 2751 983 2814 suar.
1003 2752 1104 2815 Vinar.
1117 2774 1143 2814 2.
1166 2752 1227 2814 Bos.
1239 2775 1266 2814 2.
1276 2753 1305 2814 3.
1326 2754 1406 2819 Leid.
1418 2753 1447 2813 b.
1460 2776 1486 2814 o.
1499 2774 1524 2813 e.
1536 2755 1556 2812 s.
1568 2759 1652 2834 gim.
1669 2752 1754 2812 Bern.
1772 2775 1796 2813 ι.
1818 2753 1907 2832 Tora.
1925 2753 2015 2819 indie.

614 2857 723 2927 falsum
735 2857 842 2923 videri.
863 2855 961 2918 videri
977 2877 1038 2915 om.
1053 2857 1139 2916 Fabr.
1157 2878 1185 2917 2.
1206 2859 1322 2936 sabran
1338 2879 1395 2920 esse
1413 2857 1499 2917 Febr.
1523 2878 1549 2920 ι.
1568 2858 1637 2940 Teg.
1665 2857 1840 2918 Potestatcm
1849 2861 1918 2936 sao.
1940 2861 2017 2920 reric

615 2959 735 3019 turbant
755 2959 840 3035 libri,
855 2963 906 3020 alii
922 2959 970 3020 sui
988 2961 1040 3021 alii
1054 2959 1179 3020 dicendi
1198 2963 1249 3021 alii
1271 2961 1413 3040 loquendi
1430 2961 1595 3021 intrudunt.
1624 2962 1760 3022 meursius
1778 2973 1846 3022 essa
1873 2962 2018 3022 Commel.

613 3064 675 3126 Bas.
689 3087 714 3130 1.
735 3074 804 3126 essct
819 3076 908 3130 ment.
929 3069 1016 3148 longo
1026 3066 1158 3146 plurimi.
1180 3075 1269 3124 ment.
1278 3076 1352 3125 crat.
1373 3065 1434 3130 Bas.
1447 3068 1475 3137 4.
1497 3066 1639 3125 indiciam
1652 3067 1726 3126 illud
1734 3069 1785 3126 alii
1797 3067 1870 3128 illud
1882 3067 1947 3128 iad.
1967 3069 2016 3127 sic.

611 3167 675 3235 Bas.
690 3190 715 3229 ι.
726 3173 757 3238 3,
775 3169 922 3230 indicium
936 3170 1021 3228 omis.
1040 3167 1164 3230 Borma.
1186 3169 1292 3232 delevit
1303 3169 1384 3234 Cort.
1405 3190 1458 3250 ego
1476 3165 1541 3250 post
1563 3169 1662 3231 cuais.
1679 3193 1705 3230 2.
1727 3173 1794 3234 vin.
1814 3194 1840 3238 ι.
1860 3171 1973 3232 Fabric.
1989 3192 2016 3235 2.

612 3293 631 3332 u
652 3273 714 3334 Cic.
735 3275 796 3334 Bas.
811 3296 836 3334 ι.
856 3274 926 3335 Τιι.
943 3295 970 3336 2.

677 3399 751 3482 Cap.
766 3404 815 3494 493
837 3404 928 3464 isdem
948 3415 1033 3484 temp.
1060 3415 1155 3484 uterq.
1170 3401 1255 3467 Febr.
1276 3405 1335 3464 ino.
1356 3403 1452 3464 Strnr.
1471 3405 1539 3465 Seu.
1558 3425 1583 3464 ι.
1604 3404 1668 3465 Bas..
1686 3429 1711 3466 ι.
1740 3407 1836 3468 Guelf.
1855 3429 1880 3474 ι.
1897 3429 1925 3474 2.
1940 3413 1968 3472 3.
1986 3411 2014 3469 5.

615 3507 643 3570 6.
657 3507 686 3567 8.
705 3526 751 3566 ιο.
774 3525 864 3584 ueqrre
876 3507 975 3588 gratia
992 3527 1082 3586 neque
1092 3507 1200 3588 precib.
1220 3527 1310 3586 neque
1328 3510 1433 3588 pretio.
1453 3509 1527 3572 ordo
1545 3511 1577 3569 io
1590 3509 1689 3576 Codd.
1713 3514 1785 3574 rarii
1800 3525 1939 3576 mutatur.
1961 3535 2014 3575 ne-

612 3630 666 3690 que
675 3609 784 3690 praeto.
801 3629 891 3689 neque
903 3610 1014 3690 gratia.
1034 3611 1096 3671 Bas.
1113 3633 1137 3672 1.
1155 3631 1181 3675 2.
1202 3611 1270 3675 Tur.
1287 3633 1312 3677 ι.
1327 3631 1353 3678 a.
1381 3613 1463 3674 Leid.
1479 3635 1506 3674 a.
1524 3613 1553 3680 b.
1569 3615 1599 3674 d.
1618 3638 1682 3698 eg.
1700 3615 1731 3676 b.
1746 3620 1766 3676 i.
1783 3621 1804 3682 l.
1829 3617 1897 3678 Nar.
1928 3619 2014 3680 Pelet.

613 3735 641 3782 2.
657 3717 684 3776 5.
700 3716 771 3796 7,8.
786 3735 832 3774 ιο.
852 3734 901 3776 ra,
917 3713 1002 3774 Rern.
1020 3734 1090 3780 ι.2.
1136 3734 1227 3793 neque
1241 3716 1348 3795 preest.
1376 3737 1440 3776 non
1457 3728 1498 3777 est
1519 3720 1550 3780 in
1574 3713 1670 3782 Guels.
1698 3743 1725 3787 ι.
1753 3743 1848 3802 neque
1865 3726 1897 3784 in
1919 3723 2011 3784 tribus

611 3819 737 3882 Patrobii
751 3820 842 3880 libris.
858 3837 955 3899 usqae
967 3817 1063 3899 pretio
1078 3819 1161 3882 deest-¹
1169 3820 1200 3878 in
1212 3817 1305 3879 Gucls
1319 3841 1364 3880 ιι.
1387 3840 1477 3900 neque
1500 3825 1601 3903 gratio
1619 3827 1796 3890 desideratur
1809 3832 1841 3890 in
1853 3827 1921 3890 Ece-
1942 3829 2011 3896 Vin.

613 3943 641 4008 .²·
672 3923 754 3984 Leid.
771 3945 800 4006 g.
817 3921 1111 4006 potuero-ephira.
1134 3943 1179 3984 ιο.
1194 3923 1311 4005 atos.
1340 3924 1395 3984 Ed.
1415 3926 1467 3986 Kr.
1488 3925 1549 3998 hare
1570 3931 1609 3990 ita
1630 3933 1809 3994 laudanturz
1843 3931 1903 3994 Sed
1923 3955 2014 4015 neque

606 4019 702 4108 pretio
716 4047 807 4106 nsque
818 4025 1039 4108 gratiatnpetlt
1059 4025 1225 4108 (inpellere
1242 4027 1368 4108 Putaoh.)
1389 4031 1488 4110 quirit,
1507 4043 1559 4093 aut
1573 4055 1626 4114 per
1641 4037 1734 4096 alium
1748 4037 1887 4100 iadicem.
1907 4037 1970 4099 Bas.
1985 4062 2010 4100 ι.
2057 4059 2060 4064 ·

608 4131 705 4212 Stmr·
725 4131 830 4218 licoat,
845 4131 934 4213 lead.
947 4131 1048 4222 Caeli.
1061 4131 1090 4197 6.
1106 4153 1134 4214 7.
1145 4153 1175 4214 9.
1186 4132 1265 4202 ,Tun
1278 4154 1305 4194 2.
1325 4134 1411 4201 Rern,
1430 4157 1455 4201 ι.
1469 4156 1496 4198 a.
1517 4140 1603 4198 ceteri
1617 4160 1742 4220 praepos.
1755 4144 1906 4203 omittunt.
1928 4154 2008 4204 ruer·

610 4237 857 4316 quc-eremitat,
872 4235 934 4298 Bas.
948 4258 975 4302 ι.
995 4234 1081 4302 Fabr.
1097 4256 1123 4318 ι.
1143 4235 1217 4302 Son,
1227 4257 1253 4298 ι.
1273 4237 1371 4316 Guell'.
1385 4240 1412 4299 5.
1430 4261 1477 4300 ιο.
1497 4251 1619 4322 uterque
1640 4243 1708 4303 Vin.
1729 4243 1813 4313 Rem.
1843 4246 1924 4314 Laid.
1946 4249 1966 4314 l.
1988 4251 2009 4315 l.

609 4338 718 4410 Tum.
738 4360 843 4409 m-sec.
863 4341 1169 4422 murmurabant
1186 4342 1282 4406 ceteri.
1303 4342 1613 4424 utrique-exercebant.
1633 4345 1893 4417 Guelf.8.,1r..rs.
1905 4327 2011 4415 masi.
