4542 5318
642 351 716 446 264

616 529 717 607 ased
738 530 835 620 iam,
862 555 940 630 quo
965 525 1100 602 melius
1120 523 1347 626 faciliusque
1363 521 1590 613 constituas,
1610 521 1762 626 paucis,
1784 547 1871 626 quae
1889 551 1950 600 me
1971 529 2055 605 ani-

643 679 729 730 mus
758 627 905 740 mdnet,
931 650 1069 752 accipe.
1124 646 1273 722 Bellum
1294 647 1374 721 tibi
1399 645 1498 736 luit,
1536 643 1765 749 imperator,
1787 671 1877 722 cum
1898 645 2056 730 homine

514 867 516 874 y
643 778 767 866 claro,
793 772 941 878 magnis
968 771 1123 874 opibus,
1148 769 1262 846 avido
1289 769 1490 875 potentiae,
1511 771 1656 846 maiore
1677 768 1832 844 fortuna
1854 797 1974 874 quam
2000 802 2056 854 sa-

642 899 813 1010 pientia:
839 923 955 1002 quem
976 895 1094 971 secuti
1114 910 1207 970 sunt
1227 894 1361 998 pauci,
1386 920 1455 998 per
1474 920 1583 972 suam
1602 891 1787 970 iniuriam
1807 892 1877 969 tibi
1898 895 2054 978 inimici

643 1025 734 1108 item
768 1047 864 1128 quos
891 1019 1054 1094 affinitas
1088 1033 1157 1093 aut
1190 1017 1267 1094 alia
1301 1017 1536 1096 necessitudo
1563 1015 1686 1094 traxit
1737 1017 1835 1092 Nam
1865 1021 2054 1130 particeps

642 1145 917 1225 dominationis
929 1168 1056 1248 neque
1079 1140 1157 1218 fuit
1174 1142 1400 1246 quisquam3
1426 1168 1570 1245 neque,
1584 1139 1615 1216 si
1638 1139 1719 1246 pati
1735 1141 1935 1245 potuisset,
1954 1149 2055 1226 orbis

644 1289 834 1350 terrarum
861 1269 964 1346 bello
997 1291 1201 1345 concussus
1242 1265 1349 1342 foret
1402 1269 1534 1343 Cetera
1570 1265 1781 1342 multitudo
1809 1265 1927 1372 volgi,
1951 1298 2056 1352 more

641 1397 760 1502 magis
786 1421 905 1499 quam
935 1391 1100 1481 iudicio,
1125 1407 1212 1494 post
1228 1391 1326 1467 alius
1343 1390 1483 1482 alium,
1504 1391 1614 1494 quasi
1629 1389 1939 1493 prudentiorem,
1951 1419 2056 1474 secu-

642 1522 681 1598 ti.
733 1525 805 1596 Per
830 1515 933 1596 idem
955 1531 1105 1622 tempus
1126 1512 1337 1592 maledictis
1361 1514 1588 1618 iniquorum
1611 1513 1845 1618 occupandae
1871 1517 2056 1622 reipubli.

641 1670 695 1722 cae
720 1643 761 1719 in
795 1669 901 1746 spem
922 1639 1080 1716 adducti
1115 1636 1307 1729 homines,
1331 1637 1473 1743 quibus
1504 1638 1634 1712 omnia
1664 1637 1806 1740 probro
1827 1665 1872 1714 ac
1902 1639 2055 1720 luxuria

640 1769 792 1874 polluta
804 1782 932 1857 erant,
957 1790 1186 1842 concurrere
1200 1763 1242 1840 in
1264 1779 1385 1839 castra
1400 1777 1467 1838 tua
1490 1793 1498 1836 :
1524 1777 1562 1837 et
1579 1769 1709 1866 aperte
1724 1762 1863 1866 quietis
1875 1783 2053 1860 mortem,

641 1893 817 1995 rapinas,
841 1904 1032 1994 postremo
1057 1887 1213 1979 omnia,
1240 1911 1327 1989 quae
1350 1901 1532 1990 corrupto
1550 1886 1681 1962 animo
1701 1884 1876 1978 lubebat,
1901 1889 2056 1968 minita-

642 2014 685 2090 ri.
736 2015 795 2086 Ex
819 2012 905 2114 quis
929 2037 1069 2114 magna
1089 2035 1198 2115 pars,
1225 2008 1295 2084 ubi
1324 2035 1450 2110 neque
1473 2007 1663 2084 creditum
1680 2010 1914 2102 condonare,
1933 2041 2056 2119 neque

643 2153 679 2212 te
698 2135 862 2224 civibus,
888 2133 1002 2208 sicuti
1019 2131 1211 2221 hostibus,
1236 2130 1295 2206 uti
1314 2130 1469 2220 vident,
1496 2129 1714 2208 deduxere:
1740 2135 1854 2237 pauci
1869 2139 2048 2228 restitere,

642 2259 783 2362 quibus
811 2257 934 2331 maius
960 2256 1085 2331 otium
1106 2256 1149 2330 in
1176 2254 1305 2329 castris
1330 2281 1449 2357 quam
1468 2255 1597 2330 Romae
1622 2254 1799 2332 futurum
1817 2275 1919 2352 erat;
1948 2279 2052 2338 tanta

643 2383 701 2457 vis
727 2380 962 2456 creditorum
984 2376 1240 2482 impendebat
1292 2376 1365 2452 Sed
1388 2377 1438 2453 ob
1464 2375 1613 2482 easdem
1629 2404 1776 2456 caussas
1791 2381 1959 2459 immane
1978 2387 2055 2463 dic

643 2521 688 2580 tu
707 2521 776 2594 est,
801 2502 939 2604 quanti
965 2501 1013 2586 et',
1034 2527 1154 2604 quam
1174 2499 1290 2576 multi
1308 2500 1487 2577 mortales
1510 2518 1640 2606 postea
1669 2502 1719 2578 ad
1736 2507 1961 2610 Pompeium
1983 2511 2056 2588 dis-

654 2626 857 2704 cesserint:
887 2649 1009 2726 eoque
1028 2650 1098 2728 per
1117 2650 1231 2699 omne
1252 2639 1400 2728 tempus
1422 2623 1516 2699 belli
1538 2625 1647 2729 quasi
1664 2650 1771 2702 sacro
1797 2645 1913 2733 atque
1932 2632 2056 2737 inspo-

615 2752 741 2828 3liato
764 2749 856 2825 sano
874 2747 1062 2824 debitores
1083 2747 1150 2821 usi.
1191 2746 1333 2852 Igitur,
1359 2746 1546 2851 quoniam
1569 2747 1640 2822 tibi
1661 2749 1795 2826 victori
1817 2752 1865 2829 de
1885 2755 1988 2833 bello
2002 2777 2056 2834 at-

644 2902 721 2978 que
742 2899 838 2978 pace
859 2868 1085 2976 agitandum
1103 2882 1180 2942 est:
1204 2865 1280 2944 hoc
1303 2868 1363 2944 uti
1384 2868 1547 2946 civiliter
1569 2871 1755 2976 deponas,
1779 2874 1847 2952 illa
1873 2895 1919 2954 ut
1940 2908 2055 2984 quam

645 2997 846 3075 iustissima
867 3010 905 3071 et
927 2993 1115 3070 diuturna
1133 2991 1204 3068 sit:
1231 2991 1279 3068 de
1298 2993 1438 3098 te2.ipso
1458 2993 1648 3098 primum,
1674 2996 1743 3099 qui
1763 3025 1807 3074 ea
1827 3007 2056 3108 compositu.

644 3145 710 3198 rus
729 3145 785 3211 es,
811 3117 917 3222 qood
939 3128 1151 3221 optumum
1167 3114 1274 3194 factu
1292 3133 1364 3206 est,
1391 3115 1585 3194 existumo.
1618 3120 1809 3224 Equidem
1830 3149 1899 3230 ego
1918 3148 2054 3208 cuncta

646 3243 807 3350 imperia
837 3240 1009 3318 crudelia
1028 3239 1154 3362 magis
1191 3240 1329 3316 acerba
1361 3267 1480 3346 quam
1503 3241 1690 3320 diuturna
1715 3245 1883 3350 arbitror
1890 3253 1908 3344 ς’
1935 3281 2056 3360 neque

646 3394 882 3474 quemquam
900 3363 1033 3441 multis
1057 3363 1310 3442 metuendum
1332 3389 1424 3457 esse,
1448 3365 1547 3468 quin
1575 3366 1625 3442 ad
1644 3394 1735 3443 eum
1754 3395 1800 3444 ex
1827 3373 1959 3452 multis
1983 3378 2057 3455 for·

518 3535 520 3538 ·
645 3490 751 3582 mido
770 3489 937 3568 recidat:
962 3515 1048 3564 eam
1071 3487 1191 3582 vitam
1213 3488 1361 3565 bellum
1377 3505 1565 3566 aeternum
1584 3505 1623 3566 et
1637 3517 1777 3599 anceps
1793 3522 1943 3600 gerere:
1963 3529 2056 3608 quo·

645 3615 895 3720 niamneque
918 3611 1116 3702 advorsus,
1140 3638 1266 3718 neque
1286 3613 1336 3688 ab
1352 3629 1456 3720 tergo
1468 3613 1731 3696 autlateribus
1750 3633 1857 3694 tutus
1874 3623 1941 3715 sis,
1964 3650 2056 3707 sem.

645 3766 715 3844 per
734 3739 777 3814 in
801 3735 975 3841 periculo
1006 3749 1076 3810 aut
1103 3750 1210 3810 metu
1232 3737 1357 3841 agites
1400 3737 1543 3814 Contra
1574 3737 1643 3840 qui
1666 3739 1902 3846 benignitate
1922 3765 1962 3824 et
1984 3751 2056 3830 ole-

645 3957 687 3973 -
710 3916 783 4000 Cap.
798 3921 827 3980 3.
848 3914 901 3977 illo
921 3915 1039 3996 quidem
1052 3923 1086 3975 ut
1097 3912 1252 3976 iusttsstm
1265 3912 1435 3977 Glareanus.
1455 3917 1511 3998 illo
1528 3937 1618 3998 quom
1639 3919 1741 3983 iustiss.
1762 3921 1847 3984 Febr.
1862 3935 1892 3986 ct
1907 3925 1983 3992 Bria.
2003 3933 2055 3995 atta

646 4033 783 4108 utquam
803 4021 868 4090 iusi.
888 4021 983 4082 Vatic.
1004 4017 1056 4099 qui
1069 4038 1105 4080 co
1119 4037 1214 4102 comp.
1234 4037 1270 4080 eo
1290 4038 1351 4079 om.
1370 4015 1457 4084 Febr.
1470 4032 1499 4083 ct
1511 4020 1586 4086 bric.
1607 4045 1781 4107 quemquam
1797 4029 1830 4088 in
1854 4032 1954 4095 modos
1973 4035 2056 4105 Febr.

646 4140 676 4200 et
695 4127 771 4191 Bric.
793 4115 883 4208 φωνὴ
908 4123 964 4186 olii
986 4124 1059 4189 οἰνοε
1078 4125 1177 4186 Vatic.
1194 4134 1225 4185 et
1242 4133 1327 4188 *votos
1354 4124 1454 4190 editio.
1475 4127 1560 4190 hard
1575 4129 1636 4192 scio
1657 4151 1700 4192 ort
1718 4131 1771 4212 qui
1783 4151 1838 4195 me.
1858 4136 1952 4200 Vatia.
1972 4140 2057 4203 harad

647 4233 804 4297 scioseteri
822 4252 882 4296 om.
904 4240 1015 4293 natura
1039 4223 1121 4293 oobt's
1137 4227 1320 4311 masque
1335 4249 1389 4294 nos
1407 4221 1494 4295 Fabi.
1515 4254 1545 4295 n.
1574 4255 1606 4297 ιι.
1632 4223 1815 4319 coetuque
1832 4261 1941 4322 nosque
1958 4265 2056 4310 mmo.
