4570 5316
631 443 707 514 180

636 616 798 693 tissumis
825 603 962 694 animis
986 617 1197 723 excipitur,
1223 616 1326 720 plebi
1356 616 1621 721 patribusque,
1654 633 1856 721 postquam
1886 613 2030 690 invidia

635 741 862 830 decesserat,
898 741 1002 815 iuxta
1028 767 1146 815 carus.
1194 739 1266 815 Sed
1286 741 1430 815 Marius
1458 741 1618 845 impigre
1640 741 1926 844 prudenterque
1947 761 2033 811 suo·

635 875 723 937 rum
743 880 780 938 ct
792 861 962 938 bostium
981 887 1037 938 res
1062 864 1206 966 pariter
1224 863 1682 966 adtendere5003noscere
1701 862 1902 967 quidboni
1921 859 2035 936 utris-

634 1011 710 1088 que
724 1003 793 1059 aut
813 1003 945 1062 contra
965 986 1293 1089 esset3e1plorare
1313 986 1449 1060 itinera
1471 1012 1619 1090 regum,
1641 987 1797 1061 consilia
1820 1002 1858 1060 et
1878 983 2034 1060 insidias

633 1119 766 1182 eomm‘
783 1109 1021 1184 antevenire:
1035 1107 1136 1182 nibil
1150 1106 1254 1212 apud
1275 1132 1313 1182 sc
1330 1109 1525 1182 remissum
1544 1134 1669 1211 neque
1683 1109 1787 1213 apud
1806 1108 1889 1183 illos
1904 1123 2034 1181 tutum

633 1231 722 1334 pati.
758 1234 894 1333 Itaque
931 1247 969 1306 et
996 1231 1165 1306 Gaetutos
1195 1246 1235 1305 et
1258 1229 1485 1333 Iugurtham
1513 1257 1560 1306 ex
1585 1232 1694 1306 sociis
1727 1231 1864 1305 nostris
1889 1228 2034 1336 praedas

634 1370 784 1458 agentes
808 1379 904 1456 saepe
926 1354 1117 1457 adgressus
1135 1355 1176 1426 in
1205 1353 1341 1428 itinere
1366 1353 1533 1442 firderat,
1556 1353 1757 1457 ipsumque
1784 1377 1907 1456 regem
1926 1345 2033 1426 haud

633 1475 769 1580 procul
798 1476 847 1549 ab
868 1475 1009 1579 oppido
1039 1477 1142 1551 Cirta
1169 1474 1283 1550 armis
1302 1491 1464 1552 exuerat
1514 1476 1612 1573 Quae
1637 1493 1839 1578 postquam
1870 1474 2031 1578 gloriosa

633 1599 747 1674 modo
771 1625 897 1700 neque
918 1598 1009 1673 belli
1027 1597 1207 1702 patrandi
1227 1589 1420 1704 cognovit,
1448 1599 1582 1672 statuit
1601 1599 1732 1688 urbes,
1758 1623 1844 1700 quae
1863 1598 1953 1673 viris
1966 1607 2034 1671 aut

632 1721 718 1796 loco
741 1746 812 1824 pro
830 1718 1003 1794 hostibus
1021 1735 1060 1794 et
1075 1719 1278 1795 advorsum
1297 1745 1335 1794 se
1359 1721 1701 1823 opportunissumae
1719 1737 1845 1810 erant,
1867 1717 2034 1825 singulas

611 1843 931 1918 circumvenire:
957 1841 1010 1915 ita
1025 1842 1252 1946 Iugurtham
1278 1858 1347 1916 aut
1368 1843 1551 1945 praesidiis
1575 1843 1789 1933 nudatum,
1812 1843 1843 1917 si
1865 1867 1909 1918 ea
1930 1857 2034 1946 pate·

635 1981 759 2054 retur,
786 1980 854 2038 aut
875 1963 1007 2067 praelio
1032 1980 1275 2039 certaturum.
1311 1965 1408 2038 Nam
1430 1963 1598 2041 Bocchus
1615 1967 1776 2041 nuncios
1798 1965 1847 2040 ad
1867 1991 1956 2040 eum
1970 1985 2035 2040 tse-

635 2103 684 2193 p'e
708 2087 876 2181 miserat,
898 2085 993 2161 velle
1012 2085 1148 2190 populi
1169 2084 1331 2160 Romani
1352 2086 1580 2180 amicitiam
1596 2115 1646 2164 ne
1667 2088 1763 2191 quid
1779 2089 1829 2162 ab
1844 2114 1882 2164 se
1898 2086 2034 2164 hostile

634 2212 790 2287 timeret
827 2209 871 2285 Id
886 2207 1195 2298 simulaveritne,
1218 2233 1297 2310 quo
1328 2208 1553 2310 improvisus
1579 2212 1728 2314 gravior
1752 2211 1959 2300 accideret,
1983 2236 2032 2285 an

635 2335 848 2410 mobilitate
870 2332 1012 2438 ingenii
1033 2357 1165 2434 pacem
1182 2345 1298 2432 atque
1319 2330 1464 2406 bellum
1485 2349 1635 2408 mutare
1655 2335 1799 2423 solitus,
1820 2359 2032 2437 parumex-

588 2475 627 2554 ⁸9
637 2459 830 2562 ploratum
848 2472 911 2532 est
950 2453 1022 2530 Sed
1045 2453 1203 2544 Consul,
1227 2453 1286 2529 uti
1306 2469 1509 2544 statuerat,
1534 2455 1674 2558 oppida
1696 2456 1924 2557 castellaque
1949 2483 2031 2530 mu·

637 2581 718 2656 nita
737 2580 860 2654 adire:
878 2574 1099 2682 partim'vi,
1125 2575 1199 2648 alia
1222 2589 1328 2650 metu
1347 2591 1415 2650 aut
1433 2579 1589 2679 proemia
1615 2576 1839 2652 ostentando
1866 2594 2031 2653 avortere

636 2703 686 2778 ab
704 2700 884 2777 hostibus.
913 2703 974 2775 -Αο
990 2699 1115 2803 primo
1132 2695 1336 2771 mediocria
1356 2666 1524 2798 gdrebat,
1542 2699 1788 2790 existumans,
1807 2699 2032 2805 Iugurtham

569 2888 574 2896 .
638 2826 688 2903 ob
708 2849 793 2900 suos
814 2821 993 2899 tutandos
1017 2821 1060 2902 in
1080 2843 1217 2896 manus
1240 2834 1454 2898 venturum
1491 2819 1564 2897 Sed
1584 2822 1653 2899 ubi
1672 2823 1786 2902 illum
1803 2824 1939 2932 procul
1966 2803 2031 2900 ab·

660 3086 664 3096 ,
711 3025 784 3109 Cap.
795 3027 843 3087 88.
871 3021 1016 3104 excipitur
1034 3021 1115 3080 Leid.
1130 3021 1160 3080 d.
1178 3022 1206 3081 l.
1235 3019 1312 3084 Rivii
1327 3020 1405 3096 libri,
1420 3041 1521 3086 omnes
1537 3022 1640 3086 Cortii.
1660 3024 1804 3105 uocabitur
1824 3025 1939 3090 Gruter.
1959 3024 2029 3086 llar.

636 3118 733 3213 plures
746 3131 825 3193 Lcid.
846 3131 908 3188 Bas.
925 3109 949 3187 i.
974 3147 1030 3209 pro
1041 3127 1119 3188 varia
1132 3130 1198 3188 leet.
1220 3125 1318 3198 ΒΜ.
1346 3122 1458 3187 invidm
1470 3129 1639 3190 discusserat
1658 3135 1742 3190 Vrat.
1762 3149 1786 3190 t.
1806 3134 1879 3190 Vin.
1895 3152 1923 3192 a.
1943 3129 2029 3192 lead.

635 3237 747 3297 Fabiis.
764 3257 789 3300 a.
811 3234 908 3295 Guell.
918 3256 946 3314 7.
957 3254 987 3314 9.
1004 3252 1050 3291 ιι.
1071 3231 1152 3314 Berg.
1173 3231 1330 3311 quidboni
1342 3232 1491 3312 utriusque
1508 3233 1569 3292 Bas.
1585 3255 1609 3294 ι.
1630 3235 1727 3294 Senat.
1743 3251 1769 3296 ι.
1798 3237 1900 3296 incest
1917 3255 1945 3296 a.
1964 3234 2028 3298 Eoo.

638 3336 734 3401 Guelt.
757 3361 782 3399 ι.
804 3359 831 3399 2.
858 3336 1002 3417 utrimque
1021 3337 1133 3398 Fabrie.
1154 3335 1277 3396 midias
1291 3355 1393 3396 eorum
1413 3356 1500 3417 pron.
1520 3355 1581 3402 om.
1601 3339 1707 3402 Vinar.
1728 3361 1753 3398 ι.
1776 3345 1877 3402 Franc.
1893 3340 2028 3420 predam

635 3451 752 3522 ugentes
770 3445 843 3502 Vin.
864 3442 949 3502 Fabr.
969 3441 1050 3522 Berg.
1070 3442 1154 3501 Vrat.
1169 3459 1194 3504 ι.
1213 3439 1280 3498 Seu.
1295 3459 1322 3498 2.
1343 3439 1444 3499 Hense.
1464 3437 1561 3524 Guell.
1578 3462 1605 3502 a.
1622 3463 1667 3524 to.
1686 3441 1798 3509 Leidl‘.
1822 3465 1899 3506 nnus
1912 3443 2027 3518 Wassii,

635 3547 726 3622 baal
754 3547 873 3626 predas
890 3554 1006 3623 egentes
1027 3546 1122 3604 ceteri.
1147 3545 1300 3622 ndgreanes
1323 3541 1447 3615 dinem,
1466 3545 1506 3604 ita
1525 3545 1665 3606 Gruterus
1681 3569 1715 3608 ex
1739 3549 1830 3609 tribus
1851 3547 2029 3610 melioribus.

636 3633 746 3716 Fabiie.
765 3650 837 3710 Seu,
847 3669 872 3708 ι.
893 3647 989 3707 Guell.
1003 3670 1029 3713 ι.
1044 3669 1089 3713 ιο.
1109 3649 1189 3709 leid.
1203 3669 1230 3707 a.
1245 3650 1275 3708 d.
1289 3648 1311 3709 l.
1326 3669 1356 3708 n.
1378 3650 1438 3710 duo
1451 3651 1565 3710 Wassii.
1585 3650 1737 3722 isaitinere
1751 3654 1847 3714 ceteri.
1867 3672 1932 3733 quae
1948 3661 2028 3733 post·

635 3761 723 3838 quum
736 3752 865 3836 glorioso
873 3753 965 3830 sactu
977 3760 1044 3812 sum
1052 3793 1063 3822 ,
1085 3771 1175 3829 neque
1193 3751 1261 3811 belli
1274 3752 1423 3832 patrandi
1432 3752 1548 3832 copiam
1564 3754 1702 3832 coguovit
1722 3757 1763 3814 ita
1778 3754 1862 3818 Fabr.
1879 3778 1905 3816 ι.
1925 3757 2027 3818 Vinar.

633 3860 719 3926 uem.
733 3861 762 3922 5.
783 3863 885 3921 Franc.
905 3858 990 3922 Vrat.
1004 3874 1029 3915 ι.
1050 3853 1147 3914 Guelf.
1160 3874 1186 3913 a.
1197 3875 1227 3934 9.
1242 3875 1287 3912 ιι.
1316 3856 1356 3915 ita
1372 3865 1402 3914 et
1420 3854 1533 3938 Bergcr.
1553 3857 1651 3918 Senat.
1663 3878 1691 3919 a.
1712 3859 1811 3924 lleuee.
1834 3858 2027 3940 Guelt9.1o·

633 3969 689 4027 nisi
704 3963 785 4046 quod
798 3963 887 4024 modo
903 3971 970 4042 post
975 3960 1069 4038 sacta
1082 3966 1151 4019 mat
1169 3957 1293 4016 addunt.
1311 3958 1389 4038 glor.
1404 3959 1493 4019 modo
1511 3971 1597 4022 erem
1616 3963 1678 4024 Bes.
1695 3963 1725 4034 l.
1745 3967 1835 4026 modo
1846 3967 1939 4042 seete
1960 3969 2026 4026 mm

633 4071 752 4137 teitu.
763 4071 784 4130 f.
796 4070 816 4128 i.
828 4089 869 4127 ιιι.
890 4085 955 4145 quse
964 4073 1117 4145 postquem
1130 4060 1261 4140 glorioso
1276 4063 1366 4122 modo
1386 4083 1477 4143 neque
1489 4075 1544 4126 etc.
1564 4066 1632 4126 Seu.
1645 4087 1671 4127 1.
1691 4067 1774 4128 leid.
1785 4090 1813 4128 a.
1826 4067 1857 4130 b.
1870 4066 1902 4128 d.
1911 4090 1937 4129 e.
1951 4091 1979 4152 g.
1993 4066 2022 4128 lr.

634 4173 663 4232 k.
684 4177 704 4232 l.
719 4171 749 4238 n.
775 4169 863 4234 lead.
886 4170 1002 4234 ¹Fabric.
1021 4190 1048 4229 a.
1069 4169 1128 4232 inc.
1148 4162 1232 4250 liem-
1252 4187 1279 4232 a.
1307 4165 1405 4227 Guell.
1418 4173 1445 4230 ³.
1457 4169 1485 4242 4.
1498 4192 1526 4251 7.
1539 4171 1567 4230 6.
1582 4190 1628 4232 ιι.
1657 4172 1772 4252 coprem
1792 4193 1853 4232 orn.
1872 4175 1983 4240 Vinar:
1996 4191 2020 4232 ι.

633 4275 714 4336 Leid.
729 4298 756 4336 a.
770 4276 800 4340 b.
813 4299 838 4336 c.
852 4298 879 4337 e.
893 4299 921 4358 g.
933 4297 973 4334 m.
992 4273 1055 4332 llas.
1071 4293 1097 4330 ι.
1116 4269 1201 4336 Beria
1214 4290 1239 4331 1.
1260 4270 1329 4330 Tur.
1350 4270 1496 4330 accideret
1524 4272 1610 4342 Fabr,
1628 4295 1652 4335 ι.
1668 4275 1777 4361 ΙΡιιιιιιι.
1794 4277 1863 4338 Nae.
1884 4275 2018 4350 Palatini,

632 4381 759 4463 aliquot,
780 4399 852 4461 quos
866 4379 987 4439 Ursinus
1001 4378 1117 4452 laudat,
1139 4377 1225 4439 Paris.
1242 4375 1272 4436 d.
1290 4375 1416 4456 grwior
1434 4375 1554 4442 Haverc.
1575 4376 1656 4438 Leid.
1676 4377 1745 4462 Teg.
1765 4359 1849 4439 ilem.
1867 4399 1895 4445 a.
1923 4379 1983 4439 Bet.
1993 4398 2017 4438 ι.
