4542 5318
637 379 711 470 246

638 571 786 660 partem
801 565 1000 628 sumtuum
1019 541 1206 618 sustinent
1227 571 1234 610 :
1262 538 1313 611 ita
1334 536 1470 623 classe,
1495 557 1580 636 quoe
1600 547 1831 606 commeatus
1850 531 2038 620 tuebatur,

638 681 786 755 minore
815 701 932 776 quam
950 685 1061 742 antea
1081 663 1308 764 navigamus.
1334 659 1424 732 Haec
1450 659 1481 730 si
1511 656 1599 732 dolo
1625 671 1693 728 aut
1715 655 1885 729 socordia
1911 670 2040 728 nostra

638 811 954 888 contrectatum,
972 789 1089 892 agite,
1108 785 1166 858 uti
1184 800 1313 858 monet
1334 783 1405 872 ira,
1422 779 1656 884 supplicium
1677 777 1814 852 sumite
1835 810 1842 850 :
1861 778 1919 851 sin
1939 804 2040 851 com-

640 926 766 1001 munis
790 921 945 996 fortuna
969 911 1136 1014 asperior
1163 923 1235 992 est,
1262 931 1380 1007 quare
1401 903 1559 1006 indigua
1582 901 1687 975 vobis
1717 900 1903 1002 nobisque
1923 917 1960 973 et
1981 927 2040 974 re-

641 1047 797 1152 publica
828 1037 996 1141 incipitis
1015 1039 1030 1108 'l
1055 1038 1190 1133 Atque
1211 1055 1296 1132 ch,
1323 1028 1431 1101 cuius
1456 1026 1558 1100 aetati
1577 1049 1676 1098 mors
1693 1023 1852 1126 propior
1866 1040 1933 1110 est,
1961 1051 2041 1097 non

639 1171 842 1273 deprecor;
861 1163 892 1238 si
916 1157 1012 1261 quid
1030 1182 1073 1230 ea
1099 1151 1203 1228 vobis
1230 1148 1463 1223 incommodi
1477 1147 1662 1234 demitur,
1688 1171 1813 1258 neque
1834 1172 1921 1219 mox
1938 1130 2041 1248 inge-
2109 1183 2119 1194 -
2239 1193 2240 1236 3

615 1297 616 1302 ’
639 1319 718 1372 nuo
747 1283 898 1390 corpori
914 1277 1109 1356 honestius
1133 1301 1252 1376 quam
1272 1287 1477 1376 prorostra
1494 1269 1615 1344 salute
1635 1269 1751 1343 finem
1771 1269 1856 1342 vitae
1879 1266 2041 1343 fecerim.

637 1415 781 1495 Adsum
794 1411 862 1494 en!
883 1408 949 1480 Cn.
971 1403 1093 1488 cotta,
1106 1394 1267 1482 Consul,
1287 1393 1385 1468 facio
1400 1391 1504 1494 quod
1517 1417 1614 1496 saepe
1632 1389 1800 1487 maiores
1811 1390 1947 1495 asperis
1965 1391 2045 1466 bel..

637 1535 684 1614 lis
712 1537 857 1624 fecem
891 1551 1006 1605 voveo
1032 1521 1207 1622 dedoque
1230 1542 1291 1590 me
1319 1541 1391 1620 pro
1423 1512 1637 1618 republica,
1671 1539 1789 1614 quam
1816 1511 1954 1590 deinde
1979 1514 2043 1588 cui

639 1657 828 1740 mandetis
850 1645 1138 1750 circumspicite.
1177 1639 1275 1716 Nam
1299 1640 1414 1713 talem
1433 1635 1620 1712 honorem
1642 1637 1765 1712 bouus
1786 1664 1898 1711 nemo
1922 1637 2043 1724 volet,

638 1811 761 1888 quum
788 1780 954 1854 fortuuae
969 1787 1008 1846 et
1031 1766 1145 1842 maris
1169 1781 1207 1839 et
1228 1762 1320 1838 belli
1347 1763 1396 1836 ab
1426 1761 1510 1835 eliis
1535 1760 1611 1835 acti
1635 1757 1950 1836 ratio'reddeuda
1976 1779 2044 1834 aut

640 1907 804 2010 turpiter
826 1893 1071 1974 moriendum
1091 1889 1147 1964 sit.
1198 1884 1482 1960 Tantummodo
1507 1883 1548 1957 in
1584 1883 1720 1957 animis
1743 1881 1937 1972 habetote,
1963 1910 2044 1958 non

639 2057 700 2106 me
734 2028 783 2102 oh
809 2021 930 2098 scelus
949 2031 1018 2091 aut
1044 2009 1244 2116 avaritiam
1280 2033 1439 2094 caesum,
1459 2005 1523 2080 sed
1545 2005 1735 2082 volentem
1757 2033 1827 2108 pro
1859 2006 2044 2080 maxumis

640 2149 832 2232 beneficiis
859 2144 1028 2218 animam
1054 2137 1157 2210 dono
1182 2129 1332 2204 dedisse
1383 2131 1454 2204 Per
1470 2155 1534 2203 vos
1556 2129 1686 2232 igitur,
1703 2103 2044 2233 'Quiriteaetglo-

639 2279 738 2355 riam
754 2271 960 2352 maiorum,
977 2261 1133 2337 tolerate
1151 2253 1307 2328 advorsa
1326 2269 1364 2327 et
1381 2251 1567 2326 consulite
1588 2250 1814 2354 reipublicae.
1840 2251 1964 2325 Multa
1981 2279 2046 2324 cu-

640 2427 683 2492 ra
698 2418 846 2472 summo
861 2386 1021 2490 imperio
1036 2384 1149 2467 inest,
1175 2375 1288 2449 multi
1303 2373 1472 2478 ingentes
1485 2371 1630 2446 labores
1645 2406 1652 2446 :
1677 2391 1771 2475 quos
1787 2375 2045 2477 nequicquam

641 2519 808 2598 abnuitis
825 2530 863 2600 et
878 2509 982 2615 pacis
1002 2499 1240 2608 opulentiam
1257 2495 1442 2602 quaeritis,
1470 2523 1592 2598 quum
1609 2522 1738 2571 omnes
1750 2497 1967 2600 provinciae,
1990 2522 2045 2570 re-

640 2672 734 2751 gna,
751 2636 890 2724 maria,
916 2649 1100 2730 terraeque
1117 2648 1248 2725 aspera
1271 2636 1340 2695 aut
1367 2619 1459 2694 fessa
1478 2617 1587 2692 bellis
1609 2619 1694 2698 siut.

557 2801 560 2809 ⁴
598 2833 605 2848 ‚
721 2769 774 2839 18.
804 2753 990 2834 Germani
1015 2751 1202 2825 intectum
1225 2740 1461 2818 rhenonibus
1480 2766 1617 2844 corpus
1643 2758 1783 2846 tegunt.
1808 2787 1858 2802 -
1889 2767 1940 2838 19.
1967 2743 2045 2816 L'n-

642 2891 692 2976 de
714 2909 810 2990 pons
828 2866 882 2955 in'
891 2874 1079 2980 oppidum
1094 2868 1289 2972 pertinens
1303 2864 1524 2970 explicatur.
1550 2907 1600 2920 --
1625 2883 1682 2938 ao.
1708 2866 1759 2938 Et
1778 2865 1813 2939 ei
1835 2891 1923 2940 voce
1943 2893 2046 2970 mag-

644 3039 695 3090 na
716 3007 960 3085 vehementer
980 2992 1284 3100 gratulabantur.
1313 3030 1360 3044 -
1386 3015 1442 3062 21.
1469 2989 1519 3060 Et
1545 2987 1690 3063 Marius
1723 2987 1842 3061 victus
1872 2987 2046 3092 duplica·

642 3148 749 3212 verat
772 3125 928 3204 bellum.
954 3161 1004 3178 -
1031 3140 1086 3190 aa.
1113 3115 1238 3214 Atque
1264 3136 1325 3185 eos
1349 3137 1370 3183 a
1401 3127 1503 3214 tergo
1540 3109 1795 3186 incurrerunt
1833 3157 1884 3172 -
1918 3114 2045 3184 23.1n

570 3395 571 3398 ,
644 3341 696 3404 cl'r.
707 3337 786 3397 Serv.
796 3328 866 3390 ileu.
887 3348 937 3398 ιι,
958 3321 1024 3382 ι65.
1045 3321 1097 3400 qut
1109 3315 1171 3376 haec
1184 3333 1219 3376 ex
1231 3314 1289 3373 Sal.
1298 3313 1408 3378 laudat.
1429 3321 1498 3374 octa
1514 3313 1575 3373 iarn
1593 3323 1678 3374 oetote
1691 3317 1794 3396 vulgo.
1808 3313 1850 3373 bis
1862 3314 1986 3392 garritus.
2007 3315 2047 3374 bis

644 3461 706 3500 om.
723 3441 793 3496 Vat.
815 3432 882 3511 quio
902 3426 1008 3488 omnio·
1022 3423 1087 3483 Vat.
1109 3431 1194 3482 recte.
1216 3435 1307 3497 quum
1328 3420 1427 3498 vulgo.
1456 3416 1520 3494 qur's
1533 3417 1623 3478 victus
1644 3419 1707 3482 Vct.
1730 3417 1783 3495 qui
1805 3419 1902 3498 vulgo.
1924 3420 2046 3496 deosque

645 3545 719 3603 Pan.
738 3539 832 3598 Vatic.
853 3549 906 3611 qua
926 3529 1097 3590 amoueri.
1120 3543 1183 3604 quar
1200 3520 1456 3582 comminabatur
1476 3520 1562 3582 Febr.
1579 3521 1653 3582 Bric.
1675 3541 1734 3600 quo
1752 3541 1777 3582 c.
1797 3521 1957 3582 vehebatur
1971 3533 2048 3582 ecto·

645 3651 681 3708 n'.
701 3677 743 3693 -
788 3641 834 3699 18.
860 3635 929 3695 leid.
950 3653 999 3713 19,
1021 3637 1067 3693 ιδ.
1095 3630 1174 3690 serv.
1193 3625 1298 3720 Georg.
1319 3630 1353 3698 3,
1373 3623 1504 3686 383..-
1548 3645 1593 3703 ¹9·
1615 3625 1650 3685 C.
1666 3623 1713 3686 Fr.
1730 3625 1888 3705 pertinens.
1911 3659 1953 3674 -
1995 3647 2042 3686 20.

643 3745 723 3814 Don.
737 3745 776 3806 ad
788 3741 879 3802 Andr.
897 3740 914 3798 5
924 3779 934 3812 ,
948 3737 980 3809 d,
994 3734 1042 3797 36.
1055 3766 1097 3780 -
1118 3751 1172 3792 21.¹
1186 3734 1265 3793 Serv.
1280 3729 1320 3789 ad
1337 3727 1416 3811 virg.
1437 3727 1537 3812 Eclog.
1553 3749 1587 3801 a,
1600 3731 1651 3810 67.
1670 3761 1713 3777 -
1735 3749 1781 3790 ιιι.
1803 3707 1904 3794 buflo,
1917 3731 1953 3790 de
1966 3728 2049 3790 seh«

638 3865 717 3918 'mat
732 3855 826 3912 lexeos
840 3867 871 3926 p.
886 3843 934 3914 46.
955 3841 1009 3899 Ed.
1025 3837 1207 3918 Capperron.
1221 3867 1263 3881 -
1285 3837 1332 3894 23.
1348 3831 1393 3892 Pr.
1412 3833 1464 3904 18,
1479 3833 1532 3904 24,
1552 3853 1617 3912 199.
1634 3865 1675 3880 ··-
1697 3833 1744 3906 al.
1766 3835 1844 3894 Bon.
1860 3835 1898 3892 ad
1914 3832 2046 3894 Ειιιιιιιῑι.

648 3955 679 4035 5,
694 3958 712 4020 3
719 3999 731 4034 ,
750 3957 779 4023 8,
800 3958 958 4030 agerentur
977 3948 1082 4026 legitur
1097 3939 1179 4020 apud
1187 3935 1369 3999 Westuhov.
1390 3969 1432 3986 -·
1453 3938 1502 3996 25.
1516 3937 1585 3995 laid.
1600 3959 1637 4018 9,
1652 3937 1681 3998 3.
1701 3938 1846 3998 bonum
1859 3921 2050 4002 clarmanum

646 4067 822 4125 mutantes
841 4053 925 4113 addit
940 4051 1020 4108 Serv.
1041 4045 1078 4104 ad
1096 4043 1166 4102 den.
1183 4061 1235 4116 ιο,
1253 4047 1375 4121 370.-
1399 4041 1445 4101 ²6.
1466 4039 1535 4100 laid.
1555 4042 1607 4112 ιζ,
1623 4063 1648 4098 ι.
1669 4032 1889 4122 κᾶἰοπιιριοι
1905 4041 1988 4102 venta·
1996 4061 2051 4120 pu·

648 4183 779 4230 concavo
788 4147 1059 4233 teuaeproeaiptuu
1066 4191 1073 4206 .
1082 4145 1214 4207 -.uerur‘s
1225 4165 1279 4225 per·
1295 4163 1369 4207 coro
1379 4153 1471 4204 terrea
1482 4143 1578 4205 edetis
1597 4144 1675 4206 Serv.
1689 4146 1727 4205 ad
1734 4147 1814 4228 virg.
1826 4147 1970 4227 Georgo,
1982 4147 2049 4226 ‘79

646 4270 699 4332 aui
724 4263 827 4338 citari,
849 4261 900 4322 alii
918 4254 1023 4320 citetis.
1044 4285 1086 4306 -ι-
1108 4271 1156 4334 η.
1177 4251 1263 4312 Prisc.
1291 4249 1344 4323 rt,
1368 4249 1405 4324 l,
1425 4249 1502 4322 6023
1530 4247 1665 4315 wando
1684 4252 1798 4332 aliquot
1814 4249 1911 4310 codd.
1927 4280 1974 4299 -
2001 4252 2048 4312 28.
