4570 5316
1582 435 1655 512 215

355 634 409 684 ιο.
435 611 558 715 Igitur
568 611 738 690 'venditis
760 614 1063 717 proscriptorum
1086 615 1216 706 bonis,
1239 634 1308 692 aut
1325 617 1578 721 dilargitis-
1603 643 1657 690 11.

253 727 299 804 Id
318 729 465 810 bellum
492 736 681 812 excitabat
702 753 824 814 metus
855 738 1025 842 Pompeii
1050 739 1201 816 victoris
1231 741 1487 844 Hiempsalem
1512 741 1554 814 in
1578 765 1659 843 reg-

251 879 352 934 num
379 858 618 934 assumentis.
635 907 687 922 -
715 887 769 936 12.
794 862 1048 964 Maxumeque
1073 861 1212 938 ferocia
1237 864 1332 968 regis
1357 862 1591 938 Mithridatis
1614 863 1659 939 in

253 988 423 1080 tempore
440 980 695 1058 bellaturi-
736 989 789 1058 15.
816 984 926 1081 Quin
951 983 1107 1060 lenones
1126 1003 1166 1061 et
1185 986 1323 1062 vinarii
1347 986 1535 1087 laniique,
1562 1011 1659 1086 quo-

252 1124 341 1174 rum
373 1118 553 1205 praeterea
581 1105 712 1210 volgus
739 1107 782 1182 in
811 1106 889 1182 dies
918 1133 1032 1183 usum
1063 1107 1197 1198 habet,
1221 1109 1344 1214 pretio
1372 1107 1584 1212 compositi.
1605 1151 1658 1171 -

257 1227 311 1313 14.
337 1222 469 1302 Genus
492 1227 607 1304 armis
626 1227 733 1306 ferox
755 1244 794 1305 et
810 1229 951 1306 servitii
976 1231 1185 1306 insolitum.
1231 1277 1234 1284 ·

348 1385 401 1463 15.
426 1389 480 1464 M.
502 1389 655 1466 Aemilii
672 1393 804 1494 lepidi
829 1395 907 1470 Cos.
934 1395 987 1468 ad
1002 1397 1044 1468 P.
1069 1397 1111 1470 R.
1137 1401 1259 1470 oratio
1283 1381 1415 1471 contro·
1433 1394 1582 1470 Sullam

183 1611 187 1618 ,
253 1527 461 1611 Clementia
482 1550 521 1614 et
540 1538 709 1642 probitas
727 1555 869 1630 vestra,
896 1541 1084 1639 Quirites,
1111 1543 1252 1644 quibus
1271 1567 1341 1646 per
1367 1557 1507 1616 ceteras
1531 1553 1658 1642 gentes

251 1658 421 1734 maxumi
442 1672 482 1734 et
504 1659 599 1737 clari
618 1662 721 1754 estis,
742 1664 956 1767 plurimum
987 1666 1131 1740 timoris
1150 1665 1247 1740 mihi
1270 1664 1439 1752 faciunt,
1456 1660 1658 1737 advorsum

253 1780 497 1879 tyrannidem
511 1786 551 1858 L
565 1785 681 1860 Sullae
705 1820 714 1859 :
740 1814 791 1862 ne
813 1813 899 1890 quae
920 1789 992 1892 ipsi
1015 1787 1425 1884 nefandajaestumatis,
1450 1813 1493 1860 ea
1518 1809 1659 1888 parum

123 1965 127 1972 .
252 1901 441 1978 eredendo
465 1907 512 1982 de
545 1907 655 1998 aliis,
686 1909 1067 1986 circumveniamini:
1092 1911 1300 2016 praesertim
1333 1921 1456 2012 quum'
1487 1906 1545 1980 illi
1576 1931 1661 2008 spes

252 2026 374 2102 omnis
403 2030 598 2106 inscelere
619 2049 735 2136 atque
754 2033 915 2138 perfidia
937 2034 1005 2128 sit3
1037 2062 1162 2138 neque
1182 2060 1220 2110 se
1243 2034 1355 2109 aliter
1375 2031 1516 2106 tutum'
1530 2035 1660 2133 putet',

251 2173 369 2249 quam
389 2149 420 2225 si
437 2152 548 2256 peior
567 2169 683 2256 atque
703 2155 956 2232 intestabilior
972 2175 1078 2233 metu
1099 2175 1220 2232 vestro
1242 2157 1376 2244 fuerit,
1401 2181 1478 2258 quo
1499 2151 1662 2256 captivis
1756 2197 1760 2206 ·

251 2269 436 2350 libertatis
463 2301 597 2352 curam
620 2275 769 2354 miseria
791 2281 956 2356 eximat:
993 2297 1061 2356 aut
1084 2281 1115 2355 si
1137 2275 1392 2384 provideritis,
1418 2279 1460 2351 in
1488 2273 1659 2352 tutandis

218 2395 429 2498 'periculis
450 2399 568 2505 magis
588 2426 705 2502 quam
731 2401 826 2498 [in]
851 2401 1069 2478 ulciscendo
1098 2403 1313 2478 teneamini.
1360 2400 1544 2477 Satellites
1573 2398 1660 2503 qui·

222 2518 339 2634 ⁴dem
356 2521 460 2612 eius,
486 2520 659 2599 homines
680 2527 850 2598 maxumi
873 2524 1063 2617 nominis,
1087 2526 1191 2622 [non
1214 2521 1366 2618 minus]
1393 2523 1559 2624 optumis
1577 2546 1660 2593 ma·

249 2640 377 2719 iorum
397 2645 601 2751 exemplis,
618 2673 767 2750 nequeo
788 2647 878 2722 satis
894 2647 1044 2738 mirari,
1069 2646 1139 2749 qui
1151 2643 1424 2722 dominationis
1435 2667 1512 2717 suae
1537 2643 1580 2716 in
1593 2665 1659 2715 vos

249 2766 445 2844 servitium
481 2795 595 2845 suum
624 2771 836 2847 mercedem
877 2769 973 2845 dant
1006 2804 1013 2844 :
1057 2786 1096 2845 et
1129 2785 1339 2870 utrumque
1370 2792 1440 2871 per
1470 2763 1656 2840 iniuriam

248 2889 402 2968 malunt
421 2919 540 2996 quam
560 2911 725 2999 optumo
748 2894 832 2970 iure
855 2891 967 2969 liberi
994 2921 1127 2998 agere:
1157 2888 1341 2997 praeclara
1365 2893 1573 2965 Brutorum
1599 2903 1656 2962 et-

249 3038 325 3114 que
346 3015 597 3095 Aemiliorum
616 3034 655 3094 et
681 3017 925 3094 Lutatiorum
954 3017 1106 3121 proles,
1138 3017 1257 3120 geniti
1285 3015 1336 3090 ad
1364 3040 1426 3103 ea,
1461 3037 1547 3114 quae
1576 3038 1657 3085 ma-

249 3136 345 3212 iores
366 3137 510 3215 virtute
532 3166 728 3246 peperere,
751 3140 1024 3216 subvortunda.
1073 3141 1172 3214 Nam
1190 3137 1286 3242 quid
1312 3165 1334 3212 a
1354 3133 1521 3240 Pyrrho,
1549 3137 1656 3208 llan-

247 3259 379 3336 nibale
397 3257 655 3368 Philippoque
674 3279 712 3338 et
731 3262 921 3338 Antiocho
948 3263 1148 3337 defensum
1173 3278 1227 3336 cst
1249 3259 1382 3347 aliud,
1403 3284 1522 3362 quam
1542 3256 1666 3332 liber··

248 3396 303 3458 tas
331 3399 369 3458 et
393 3409 473 3461 suae
494 3385 636 3490 cuique
656 3385 779 3480 sedes;
808 3413 885 3463 neu
910 3387 993 3479 cui,
1011 3386 1085 3460 nisi
1108 3385 1269 3490 legibus,
1295 3385 1541 3488 pareremus?
1566 3409 1658 3488 quae

312 3605 358 3675 ri.
378 3605 470 3668 Corn.
490 3607 602 3670 quto
621 3629 644 3668 s.
659 3631 687 3671 r.
709 3608 868 3670 iunctm.
887 3640 929 3656 -
953 3607 1000 3672 15.
1020 3605 1186 3667 Coneiones
1206 3615 1235 3665 ct
1248 3607 1393 3687 epistola,
1415 3623 1450 3665 ex
1467 3601 1652 3663 historiarum

245 3707 344 3782 libris,
363 3730 427 3792 que
445 3721 556 3774 atatem
576 3716 706 3774 aderunt
716 3754 726 3788 ‚
746 3715 779 3774 in
797 3723 912 3776 vetusto
929 3712 1031 3774 codice
1049 3715 1197 3794 legimur,
1216 3713 1246 3770 in
1273 3732 1332 3792 quo
1348 3709 1476 3771 Catilina
1496 3718 1525 3766 et
1545 3707 1655 3786 Iugur-

244 3810 298 3871 tha
315 3824 397 3874 erant
418 3819 591 3900 perscripti,
606 3803 687 3880 unde
705 3820 837 3902 primum
858 3817 1039 3898 Pomponius
1054 3817 1145 3878 Latus
1163 3817 1238 3900 typis
1255 3815 1358 3875 excudi
1377 3812 1497 3875 curavit.
1525 3827 1655 3868 accesso-

245 3926 317 3976 runt
334 3931 433 4000 postea
454 3920 555 3982 Codex
575 3923 732 3986 Vaticanus
756 3935 785 3987 et
804 3921 873 3983 libri
891 3921 977 4004 ¹Fabri
998 3933 1028 3984 et
1047 3921 1211 3984 cardinalis
1228 3917 1403 3990 Briconeti‚'
1424 3913 1530 3995 quibus
1549 3909 1651 3971 Carrio

246 4031 391 4095 massot,
420 4023 535 4085 Balliol.
553 4048 640 4108 quem
666 4027 1157 4111 waeiustaucat,praetereaa1ii
1180 4025 1286 4105 pauci,
1313 4021 1351 4081 als
1366 4019 1473 4079 Ursino
1490 4015 1651 4075 Giucconio

247 4125 403 4207 currisque
422 4127 581 4188 editoribus
601 4132 721 4198 laudati.
742 4135 900 4194 advorsum
915 4133 968 4192 lib.
980 4133 1073 4196 Vatis„
1091 4149 1127 4190 nc
1144 4148 1208 4208 qum
1226 4129 1279 4208 ipsi
1292 4125 1426 4202 ruscindo
1441 4119 1591 4182 (estimatis
1610 4121 1652 4180 ita

246 4218 343 4294 Vatic.
366 4227 450 4292 Fahr.
470 4229 546 4292 Bric.
570 4244 599 4294 ct
614 4245 722 4296 vetusta
744 4236 844 4296 editio.
866 4235 957 4316 captis
977 4253 1033 4316 pro
1053 4232 1175 4312 captivas
1194 4234 1264 4313 legit
1280 4229 1376 4290 Vatic.
1397 4227 1428 4286 in
1444 4224 1541 4287 ulciso.
1558 4245 1651 4306 praep.

247 4328 297 4408 in,
318 4341 388 4395 teste
404 4331 561 4406 Cardono,
581 4349 688 4401 veteres
710 4339 778 4400 libri
790 4341 937 4422 ignorant.
958 4357 1021 4399 non
1041 4335 1137 4399 minus
1154 4357 1217 4402 om.
1232 4335 1298 4400 lat.
1317 4343 1346 4396 ct
1362 4335 1459 4414 plur'cs
1476 4330 1558 4407 libri,
1578 4349 1655 4412 quos
