4570 5316
1603 409 1670 505 16,

267 597 336 658 nos
366 581 473 659 locus
499 583 710 660 admonuit.
762 585 850 681 Qua
882 599 1099 690 tempestate
1125 586 1452 693 Carthaginienses
1482 588 1674 691 pleraeque

269 703 410 788 Africae
439 699 730 810 imperitabant,
756 693 984 810 Cyrenenses
1011 736 1167 813 quoque
1195 713 1325 816 magni
1355 729 1471 814 atque
1499 709 1673 815 opulenti

266 821 382 926 luere.
432 834 530 935 Ager
546 831 595 906 in:
611 830 737 906 medio
758 857 952 920 arenosus,
977 859 1055 907 una
1080 835 1204 937 specie
1228 866 1236 908 :
1264 859 1389 936 neque
1413 835 1579 923 flumen,
1605 859 1674 908 ne-

264 977 343 1054 que
363 969 597 1043 mouserot,
626 953 702 1055 qui
715 952 801 1029 linis
821 982 956 1030 eorum
981 956 1229 1050 discerneret;
1255 984 1342 1060 quae
1362 984 1418 1032 res
1442 982 1503 1032 eos
1531 957 1572 1029 in
1595 983 1675 1029 ma·

268 1099 343 1180 gno
361 1076 626 1180 diuturnoque
644 1077 746 1153 bello
766 1077 866 1154 inter
880 1065 919 1153 se
939 1077 1087 1153 habuit
1138 1083 1342 1182 Postquam
1354 1081 1550 1181 utrimque
1563 1077 1675 1182 legio-

268 1209 333 1276 n'es
353 1201 443 1276 item
462 1201 592 1276 classes
611 1201 815 1292 saepesfusoe
832 1200 1066 1306 fugataeque,
1088 1218 1125 1277 et
1145 1203 1254 1277 alteri
1276 1203 1411 1279 alteros
1431 1203 1676 1304 aliquantum

266 1324 514 1430 adtriverant3
535 1324 644 1400 veriti
652 1383 671 1414 ,.
688 1352 737 1400 ne
762 1353 852 1400 mox
869 1324 984 1402 rictas
1005 1326 1240 1430 victoresque
1255 1325 1413 1403 defessos
1431 1327 1527 1408 alius
1545 1325 1677 1427 adgre-

267 1446 448 1544 deretur,..
463 1476 532 1552 per
550 1447 723 1523 inducias
738 1449 989 1553 sponsionem*
1004 1449 1172 1540 faciunt,
1197 1450 1255 1526 uti
1274 1468 1376 1526 certo
1393 1450 1455 1526 dic
1475 1449 1588 1552 legati
1609 1447 1676 1521 do-

268 1597 331 1656 mo
354 1571 703 1674 proficiscerentur,
728 1599 806 1674 quo
834 1572 876 1647 in
900 1574 983 1649 loco
1013 1573 1114 1649 inter
1133 1573 1492 1664 sechui-luissent,
1520 1573 1549 1646 is
1574 1599 1676 1646 eom·

267 1693 397 1774 munis
424 1696 635 1798 utriusque·
651 1696 796 1800 populi·
820 1695 907 1771 finis
937 1695 1152 1773 haberetur.
1199 1699 1322 1804 Igitur
1346 1696 1575 1800 Carthagine
1597 1694 1675 1769 duo

268 1817 400 1912 fratres
418 1818 544 1908 missi,
566 1819 707 1920 quihus
730 1846 872 1895 nomen
898 1819 1080 1896 Philaenis
1105 1838 1205 1912 erat,
1230 1838 1466 1897 maturavere
1495 1821 1567 1894 iter
1593 1843 1677 1922 pen·

266 1965 351 2044 gere
367 1973 387 2016 ε·
402 1941 630 2045 Cyrenenses
657 1939 801 2016 tardius
832 1941 916 2017 iere.
957 1943 1002 2016 Id
1036 1945 1258 2020 socordiane
1286 1971 1346 2018 an·
1368 1969 1457 2018 casu
1478 1939 1678 2028 acciderit,

267 2092 413 2169 parum
427 2065 605 2170 cognovi..
641 2070 819 2142 Ceterum
839 2064 934 2148 solet
956 2064 998 2140 in
1024 2064 1100 2140 illis
1119 2065 1212 2140 locis
1234 2081 1430 2168 tempestas
1449 2063 1556 2138 haud
1574 2085 1678 2137 secus

267 2205 392 2292 atque·
405 2189 454 2264 in·
469 2188 577 2264 mari.
593 2189 769 2266 retinere·
801 2189 908 2262 Nam.
925 2186 1002 2262 ubi.
1023 2215 1095 2291 per
1114 2189 1197 2263 loca
1222 2187 1384 2291 aequalia
1405 2202 1443 2262 et
1468 2186 1573 2261 naida
1603 2187 1685 2288 gig--

269 2312 446 2386 nentium
462 2327 597 2386 ventue
616 2328 767 2386 coortus
787 2335 943 2384 arenam
963 2309 1084 2386 humo
1106 2312 1301 2401 excitavit,
1320 2339 1531 2414 ea,magna
1545 2309 1582 2385 vi
1602 2309 1682 2412 agi·-

269 2449 368 2523 tata,
392 2458 457 2507 ora
483 2429 688 2533 oculosque
705 2429 864 2533 implere
892 2432 1008 2506 solet:
1029 2435 1082 2506 ita
1106 2451 1309 2536 prospectu
1331 2435 1514 2536 impedito
1538 2433 1690 2506 morari.

272 2555 351 2639 iter.
393 2557 605 2656 Postquam*
628 2555 868 2656 Cyrenenses·
886 2553 1087 2656 aliquanto
1107 2556 1387 2657 posterioresse
1406 2555 1539 2628 vident
1568 2570 1607 2626 et
1630 2554 1692 2628 oh-

270 2727 487 2789 aenaeum.
501 2741 568 2809 1..7.
591 2725 754 2787 nonainatoe
771 2735 840 2786 sont
859 2725 979 2786 Letoa.
991 2749 1015 2787 e.
1029 2727 1049 2787 f.
1063 2727 1135 2790 k..·n.
1157 2727 1230 2806 leges
1248 2725 1396 2806 cultosque
1412 2736 1439 2786 et
1463 2711 1596 2784 instituta
1614 2725 1679 2804 pla-

271 2851 361 2908 caque
379 2832 476 2892 Sonat.
487 2852 515 2892 2.
536 2831 736 2893 Homolen.
748 2830 778 2892 3.
800 2830 874 2910 leges
892 2831 1040 2910 cultusqaw
1051 2832 1189 2912 pleraque
1203 2829 1351 2892 Sedenic'o
1370 2831 1470 2892 Vinar.
1491 2850 1517 2888 ι.
1539 2831 1640 2888 incert.
1651 2851 1678 2888 2.

270 2935 406 3002 Grates.
427 2946 456 2996 et
471 2937 639 2998 vetustiores
650 2934 727 2994 Edit.
746 2932 967 2996 statonic‘asam
987 2936 1066 3000 teia.
1079 2936 1109 3000 d.
1120 2935 1152 2995 h.
1165 2937 1192 2994 k.
1210 2957 1250 2995 m.-
1262 2957 1293 2994 n.
1322 2935 1425 3006 ΒΜ.
1454 2942 1570 2994 atatam
1588 2933 1679 2992 hala·

271 3041 342 3101 ham
362 3040 502 3122 Gnellig.
523 3038 664 3119 multique
676 3041 802 3119 vastique
821 3041 888 3100 Sea.
902 3059 927 3098 1.

352 3166 426 3248 Cap.
444 3191 493 3250 79.
523 3167 656 3229 mirabile
677 3189 780 3228 omncs
805 3167 932 3230 Gruteri.
954 3168 1067 3230 Fabric.
1086 3169 1155 3229 Vin.
1178 3188 1203 3226 r.
1236 3168 1378 3226 meliores.
1399 3175 1486 3244 atquc
1501 3159 1678 3224 admirabile

268 3272 393 3340 Berml.
413 3273 552 3334 Goella.
572 3271 759 3334 memorabile
777 3274 839 3332 alii.
859 3271 1010 3338 ita-Bam.
1022 3273 1051 3343 l.
1072 3292 1126 3331 nas
1142 3273 1231 3336 lotan.
1252 3292 1338 3351 pron.
1359 3292 1421 3330 om.
1443 3272 1511 3329 Vin.
1526 3291 1552 3328 a.
1573 3271 1641 3327 Seu.
1653 3289 1679 3326 r.

272 3379 370 3444 licum.
392 3378 490 3437 Guelf.
506 3399 551 3438 ao.
574 3379 654 3438 locus
671 3397 725 3438 nos
743 3376 856 3437 Fabrie.
889 3397 943 3436 aas
957 3396 1018 3436 rem
1033 3377 1089 3437 loe.
1110 3371 1207 3436 Gnetl.
1223 3395 1268 3434 aa.
1286 3375 1426 3456 pleraque
1439 3353 1547 3452 Africo
1561 3363 1698 3453 imperi-¹

272 3485 374 3542 tabant
393 3485 433 3542 ita
446 3481 508 3543 haec
521 3482 611 3546 Corn.
631 3482 742 3542 Fronto
764 3475 913 3540 laudatio
938 3485 1190 3562 exempteloeat.
1212 3500 1234 3542 s.
1257 3503 1286 3546 v.
1304 3479 1449 3560 inperito.
1472 3481 1504 3538 in
1518 3498 1682 3558 quonaone

259 3588 381 3666 stranea
395 3591 455 3646 inc.
468 3607 496 3647 a.
515 3588 595 3647 l'rat.
609 3607 637 3646 a.-
659 3585 756 3645 Gucll.
766 3608 794 3666 7.
804 3605 834 3666 9.
848 3606 893 3644 ιο.
914 3585 1027 3644 teias.
1048 3593 1259 3662 raequcmontes
1273 3595 1360 3646 mant
1374 3585 1442 3648 Vin.
1462 3605 1486 3641 1.
1509 3603 1572 3661 qaam
1582 3587 1642 3657 fin.
1656 3604 1681 3668 e·

271 3693 470 3753 &asarmot
479 3691 613 3751 Goels.(i.
635 3705 681 3750 eos
697 3690 729 3748 in
747 3695 1044 3770 magno..pron.om.
1065 3689 1141 3749 Faba
1156 3712 1180 3754 ι.
1197 3689 1338 3749 Guelfin.
1355 3709 1401 3748 12.
1411 3707 1458 3747 eos
1474 3688 1552 3746 inter
1568 3705 1598 3744 se
1611 3686 1680 3745 hob.

272 3798 339 3862 Vm.
348 3819 374 3856 i.
387 3797 602 3876 aliquantulum
617 3798 677 3856 inc.
686 3817 711 3854 1.
729 3793 796 3855 Eoo.
807 3793 903 3854 Guell.
917 3815 961 3854 ro.
976 3795 1057 3854 th.
1067 3814 1102 3854 a.
1114 3795 1142 3860 3.
1150 3793 1219 3859 Bas.
1228 3796 1272 3866 Δ..
1282 3794 1406 3854 victores
1413 3793 1536 3868 defessos
1547 3789 1681 3848 Guelffl.

274 3902 328 3962 elii
341 3902 415 3962 alios
426 3903 660 3980 oggralsrentur
672 3899 742 3964 Tur.
754 3899 829 3960 alius
842 3899 934 3960 alitam
945 3900 1007 3966 Bas,
1020 3899 1048 3970 l.
1060 3909 1087 3959 ct
1100 3919 1157 3974 quo
1172 3900 1205 3958 in
1222 3900 1286 3959 laco
1305 3899 1375 3958 Vin.
1391 3917 1415 3954 ι.
1431 3916 1487 3971 qao
1505 3895 1569 3953 loco
1585 3891 1682 3952 Guetl.

275 4008 304 4067 6.
318 4029 364 4072 ιι.
380 4027 425 4066 aa.
435 4006 520 4066 Bam.
533 4027 558 4065 ι.
579 4023 691 4085 quoque
705 4005 738 4063 in
755 4005 820 4066 loeo
835 4005 898 4065 Bao.
912 4005 942 4077 l.
961 4004 1106 4064 Philonos
1121 4020 1223 4063 ornares
1239 4003 1296 4062 lere
1308 4001 1404 4060 conii
1419 4011 1447 4058 et
1467 3997 1582 4056 Crateri
1603 3997 1682 4070 libri,

273 4117 371 4196 plures
384 4113 506 4182 Wassii‚
525 4110 596 4194 Teg.
616 4110 679 4170 Bm.
699 4131 725 4170 ι.
750 4109 849 4171 Taric-
869 4109 953 4170 Bam·
969 4129 994 4168 ι.
1006 4112 1035 4172 3.
1055 4107 1197 4167 Pldloena's
1217 4107 1293 4167 llivii
1308 4105 1386 4164 libri.
1416 4101 1477 4162 Bas.
1493 4104 1521 4173 l.
1542 4101 1685 4162 Ptttoenti

211 4217 218 4228 ’
275 4217 373 4278 Pemh.
393 4217 426 4282 B.
444 4215 515 4274 Pub.
539 4217 677 4276 socordia
690 4235 733 4276 on
753 4233 823 4274 caso
845 4215 914 4274 Vin.
930 4235 956 4281 ι.
981 4213 1065 4276 Item.
1081 4232 1107 4272 a.
1132 4212 1229 4271 Guctl.
1242 4211 1270 4269 6.
1285 4231 1314 4289 7.
1328 4229 1357 4287 9.
1376 4225 1422 4264 ra.
1443 4205 1524 4265 Laid.
1538 4227 1564 4266 c.
1578 4207 1608 4264 d.
1621 4227 1646 4270 e.
1661 4207 1681 4264 l.

274 4321 342 4400 μὴ.
358 4325 378 4386 i.
392 4323 421 4383 k.
437 4325 457 4381 l.
478 4321 537 4380 Erl.
566 4319 652 4379 Bam.
668 4342 693 4378 ι.
724 4319 815 4378 hrono
832 4317 991 4396 exagitarit
1012 4317 1096 4382 hcm.
1112 4336 1137 4376 1.
1160 4315 1248 4376 head.
1270 4311 1435 4373 oraocalos
1455 4311 1560 4370 sana.
1584 4311 1681 4368 ilcan.
