4582 5320
1674 432 1721 530 67

326 586 538 670 amicorum
561 593 754 690 intentus,
789 623 857 674 sua
877 597 1092 704 neglegere3
1123 599 1225 676 nihil
1254 597 1460 707 denegare,
1492 606 1598 709 quod
1624 609 1728 684 dono

327 709 489 817 dignum
510 735 624 816 esset,
647 722 719 796 sibi
737 749 920 830 magnum
933 724 1157 828 imperium,
1176 726 1405 817 exercitum,
1422 753 1567 804 novum
1581 731 1728 806 bellum

327 839 551 940 exoptabat,
587 844 656 918 ubi
685 845 804 922 virtus
826 847 1028 924 enitescere
1049 864 1179 951 posset
1222 853 1272 922 At
1298 852 1434 925 Catoni
1455 854 1628 929 studium
1648 882 1729 930 mo-

328 955 477 1053 destiae,
502 965 664 1060 deceris,
690 969 754 1046 sed
778 995 954 1046 maxume
984 971 1191 1046 severitatis
1220 987 1310 1046 erat
1357 975 1442 1049 Non
1470 976 1611 1052 divitiis
1640 1005 1730 1054 cum

330 1078 462 1176 divite,
488 1115 615 1192 neque
647 1092 812 1170 factione
843 1121 933 1170 cum
956 1092 1130 1185 factiose,
1167 1093 1231 1168 sed
1261 1122 1351 1170 cum
1378 1113 1535 1174 strenuo
1564 1100 1730 1190 virtute,

330 1228 419 1280 cum
441 1213 610 1290 modesto
631 1217 797 1319 pudore,
821 1246 911 1293 cum
939 1219 1144 1293 innocente
1169 1217 1399 1294 abstinentia
1420 1223 1610 1316 certabat3
1634 1249 1730 1300 esser

331 1357 447 1432 quam
472 1337 610 1432 videri,
645 1343 768 1418 bonus
796 1343 962 1417 malebat
970 1373 981 1436 3
1008 1341 1080 1430 ita,
1116 1367 1193 1442 quo
1218 1341 1346 1416 minus
1373 1343 1534 1445 gloriam
1558 1348 1735 1449 petebat,

330 1480 374 1530 eo
400 1461 517 1564 magis
536 1466 772 1567 sequebatur.

429 1585 651 1688 Postquam,
676 1606 722 1663 ut
748 1588 844 1678 dixi,
872 1589 1030 1663 Senatus
1053 1589 1093 1663 in
1123 1587 1276 1664 Catonis
1300 1590 1527 1662 sententiam
1546 1589 1783 1680 discessit,55
1884 1659 1892 1666 .

335 1703 475 1782 Consul
499 1727 701 1812 optumum
722 1712 869 1786 factum
889 1728 1012 1802 ratus,
1037 1729 1206 1798 noctem,
1233 1735 1319 1814 quae
1339 1713 1521 1802 instabat,
1536 1729 1735 1816 antecape-

333 1854 393 1920 re,
417 1835 584 1936 nequid
609 1861 654 1910 eo
680 1835 803 1938 spatio
833 1851 1060 1924 novaretur,
1093 1835 1360 1928 Triumviros,¹
1382 1859 1468 1936 quae
1501 1836 1737 1939 supplicium

333 1955 565 2055 postulabat,
590 1986 725 2063 parare
751 1960 883 2033 iubet:
908 1958 1004 2061 ipse,
1024 1957 1214 2061 dispositis
1236 1956 1437 2060 praesidiis,
1463 1962 1671 2035 lentulum
1695 1965 1736 2037 in

334 2105 523 2158 carcerem
545 2083 732 2158 deducit:
767 2083 868 2157 idem
893 2080 938 2156 fit
962 2081 1092 2156 ceteris
1122 2109 1192 2184 per
1222 2083 1410 2154 Proetores.
1457 2083 1524 2156 Est
1555 2083 1660 2160 locus
1696 2086 1738 2160 in

335 2227 499 2295 carcere,
525 2205 631 2308 quod
656 2205 882 2280 Tullianum
903 2202 1140 2306 adpellatur,
1166 2204 1236 2277 ubi
1258 2203 1480 2306 paullulum
1505 2204 1740 2282 descenderis

336 2325 385 2401 ad
407 2328 557 2420 laevam,
583 2328 734 2403 circiter
757 2327 961 2403 duodecim
983 2327 1095 2430 pedes
1114 2326 1227 2401 humi
1249 2327 1450 2431 depressus.
1491 2329 1593 2404 Eum
1611 2331 1742 2405 muni-

337 2468 411 2526 unt
440 2452 613 2553 undique
643 2451 801 2555 parietes
828 2465 944 2550 atque
965 2449 1121 2551 insuper
1144 2476 1315 2542 camera,
1348 2451 1508 2553 lapideis
1529 2452 1741 2529 fornicibus

338 2574 489 2650 vincta:
513 2577 577 2651 sed
595 2575 769 2662 incultu,
795 2571 976 2661 tenebris,
1003 2572 1118 2647 odore
1132 2571 1235 2646 foeda
1258 2589 1373 2674 atque
1383 2574 1575 2652 terribilis
1587 2577 1667 2650 eius
1688 2575 1742 2650 fu-

337 2698 410 2774 cies
427 2716 490 2775 est
522 2704 570 2773 In
594 2727 683 2774 eum
700 2698 828 2772 locum
846 2711 1049 2798 postquam
1069 2694 1249 2770 demissus
1276 2711 1331 2770 est
1349 2693 1551 2787 Lentulus,
1575 2697 1743 2773 vindices

338 2851 466 2900 rerum
484 2822 727 2928 capitalium„
747 2821 888 2924 quibus
911 2836 1145 2923 praeceptum
1163 2835 1263 2909 erat,
1286 2817 1422 2922 laqueo
1442 2819 1573 2924 gulam
1591 2819 1741 2925 fregere.

432 3017 506 3102 Cep.
522 3021 569 3082 55.
589 3033 622 3081 ut
640 3021 707 3080 diet
722 3042 782 3080 om.
799 3016 925 3088 Lerne.
946 3027 1095 3099 optumum
1102 3018 1224 3094 sedum
1244 3018 1340 3078 Snuv.
1360 3015 1412 3077 lle.
1429 3015 1532 3082 'Guelf
1550 3018 1578 3082 6.
1588 3019 1618 3079 8.
1634 3039 1679 3077 ιο.
1698 3038 1743 3078 ιι.

340 3125 467 3191 Meder-
480 3129 629 3208 primitus.
651 3124 869 3204 edsupplieium
885 3123 1008 3203 plurimi
1022 3122 1101 3182 libri.
1122 3121 1172 3180 sed
1189 3123 1231 3179 ed
1248 3141 1360 3180 erasum
1375 3123 1405 3180 in
1423 3121 1525 3187 Bau-1.
1543 3122 1629 3183 Febr.
1646 3144 1670 3181 1.
1690 3145 1745 3184 nec

334 3229 505 3293 *habueruut
516 3232 677 3313 aliquando
693 3231 789 3289 Guelf.
799 3229 828 3289 3.
850 3249 895 3288 ιο.
916 3228 983 3286 Scn.
998 3246 1025 3290 ι.
1046 3226 1147 3289 Heuss.
1165 3224 1225 3283 Pel.
1238 3241 1287 3283 ro.
1300 3235 1328 3283 et
1342 3245 1371 3284 2.
1381 3223 1450 3284 Tur.
1464 3247 1489 3284 1.
1508 3227 1660 3306 postulent
1673 3227 1744 3292 Feb.

345 3337 568 3418 emendabant
580 3339 639 3397 ine.
654 3359 679 3396 1.
692 3336 788 3394 Guelf.
804 3356 850 3395 ιι.
861 3330 987 3412 praee.
1000 3329 1074 3410 disp
1089 3329 1149 3388 Erl.
1170 3327 1232 3387 Bas.
1248 3349 1274 3387 ι.
1289 3327 1318 3388 3.
1338 3327 1407 3388 Τιιι.
1420 3351 1449 3389 ι.
1465 3351 1493 3391 ι.
1514 3331 1598 3394 Bern.
1611 3353 1639 3392 ι.
1663 3331 1747 3393 decrit

341 3439 437 3502 Guelf.
446 3443 474 3502 5.
496 3442 665 3502 Commeat
681 3441 713 3498 in
724 3435 944 3500 cerebellos.
959 3456 984 3494 1.
994 3435 1023 3499 3.
1044 3433 1114 3494 Tur.
1129 3453 1158 3491 ι.
1172 3433 1257 3494 Bern·
1272 3439 1300 3498 3.
1315 3435 1371 3496 loe.
1386 3455 1447 3494 om.
1463 3435 1526 3498 Bes.
1537 3437 1565 3508 4.
1583 3438 1749 3500 ascenderis

341 3525 514 3630 itaplurimi
527 3545 625 3607 Codd.
646 3543 837 3606 descenderis.
859 3541 921 3606 Bes.
933 3541 963 3602 ὅ.
983 3540 1067 3601 Rem.
1087 3551 1181 3620 uterq.
1208 3540 1275 3598 Seu.
1294 3560 1320 3599 ι.
1342 3539 1445 3601 Frane.
1467 3543 1526 3602 inc.
1546 3562 1576 3602 ι.
1599 3543 1749 3605 Cemmel.

342 3655 402 3714 Pel.
415 3673 443 3712 ι.
464 3673 505 3712 ιιι.
519 3673 577 3714 rec.
596 3651 681 3711 Bere.
697 3673 722 3710 ι.
750 3647 911 3710 ωοοηάιιίι
929 3645 1047 3706 'l'hosan
1064 3645 1185 3704 Palmer.
1206 3643 1343 3727 probarit
1357 3645 1442 3706 Cort.
1471 3645 1590 3706 circiter
1605 3668 1666 3707 om.
1680 3650 1749 3732 Teg.

342 3757 443 3818 vincte
463 3769 493 3817 et
513 3759 616 3818 functo
641 3767 670 3817 et
688 3757 758 3815 alius
779 3763 908 3826 mutata,
934 3749 993 3810 hec
1015 3770 1134 3831 quoquc
1157 3753 1224 3808 loco
1246 3751 1415 3830 promiscue
1431 3750 1607 3811 scribuntur.
1638 3753 1752 3814 inerdtu

343 3859 410 3921 Naz.
431 3862 577 3926 Commel.
598 3859 660 3920 Bes.
672 3881 700 3920 ι.
712 3859 741 3919 3.
762 3870 856 3939 uterq.
876 3858 944 3920 sen
965 3854 1063 3915 Guelf.
1080 3875 1105 3912 r.
1118 3853 1145 3917 5.
1170 3851 1253 3911 Leid.
1268 3849 1299 3917 h.
1316 3856 1337 3911 l.
1357 3875 1397 3910 m.
1416 3875 1447 3913 n.
1466 3857 1535 3934 see.
1554 3862 1606 3918 eet.
1629 3865 1670 3916 est
1689 3879 1753 3919 om.

344 3965 428 4027 Bern.
448 3987 473 4027 1.
504 3965 637 4027 dimices
652 3965 725 4025 vin.
740 3984 768 4024 ι.
787 3961 872 4024 Febr.
887 3981 914 4021 ι.
934 3957 1039 4020 franc.
1060 3956 1111 4018 Ae.
1133 3955 1195 4016 Bas.
1208 3976 1235 4016 2.
1265 3967 1358 4038 uterq.
1377 3957 1462 4018 Rem.
1481 3961 1542 4022 ine.
1558 3981 1583 4019 ι.
1606 3960 1705 4023 Guelf.
1726 3985 1752 4024 ι.

348 4091 375 4132 a.
388 4073 416 4143 4.
430 4072 458 4132 5.
472 4073 501 4134 8.
514 4093 543 4153 9.
557 4091 602 4131 ιο.
623 4081 664 4132 est
678 4091 695 4129 e
707 4070 807 4128 multis
823 4066 904 4128 libris
919 4067 1040 4134 exsulet,
1059 4061 1109 4122 sed
1129 4061 1256 4122 retinent
1273 4080 1375 4121 omues
1392 4062 1455 4120 Bru.
1475 4062 1560 4126 Bern.
1581 4062 1650 4126 Tur.
1671 4065 1753 4128 Leid.

344 4176 476 4239 vindices
485 4195 584 4237 rerum
597 4174 778 4255 capitelium.
788 4175 829 4233 sic
839 4172 981 4232 meliores.
994 4164 1055 4226 hee
1065 4164 1181 4224 Cottius
1197 4165 1305 4223 omisit.
1329 4163 1441 4224 indices
1452 4165 1536 4228 llem.
1546 4179 1640 4252 uterq.
1647 4171 1714 4234 Seu.
1726 4193 1752 4238 ι,

346 4278 407 4341 Bar.
418 4281 479 4352 nd.
499 4281 559 4341 inc.
572 4299 598 4340 a.
619 4279 716 4338 Guelf.
728 4279 757 4338 6.
771 4280 800 4342 8.
811 4299 840 4359 9.
862 4269 1189 4336 trecentensimo
1205 4267 1275 4327 Feb.
1293 4289 1319 4332 1.
1338 4289 1446 4330 mser.
1457 4273 1653 4340 emnesParis.
1666 4274 1750 4336 riedi-

1228 4394 1254 4450 vlt
