4560 5338
612 425 661 500 28

590 691 594 699 Ι
617 594 866 678 declarantur
876 597 927 672 M.
940 593 1092 672 Tullius
1111 610 1150 670 et
1170 595 1207 672 G
1228 573 1437 684 Antonino,
1462 589 1568 696 quod
1589 587 1735 668 facturn
1747 589 1874 695 primo
1890 615 2016 696 popu*

613 726 711 802 larea
724 720 1000 799 coniurationia
1012 739 1258 797 concurserat
1283 725 1415 820 Neque
1432 734 1560 792 tamen
1577 715 1753 790 Catilinae
1768 713 1877 790 furor
1888 716 2017 790 minu·
2050 809 2055 816 ,

614 849 771 942 ebatur,
781 845 846 922 aed
861 846 903 920 in
919 843 997 920 dies
1010 844 1123 934 plura
1139 843 1298 947 agitare3
1312 868 1418 916 arma
1434 867 1503 943 per
1522 838 1674 914 Italiam
1687 837 1780 913 locis
1791 839 2018 943 opportunis

614 997 769 1076 parare3
793 967 998 1073 pecuniam
1017 991 1084 1042 aua
1108 980 1177 1041 aut
1196 965 1408 1040 amicorum
1431 962 1506 1039 fide
1530 979 1697 1038 sumtam
1720 978 1913 1051 mutuam,
1939 965 2019 1037 Fae-
2242 963 2243 998 ³

614 1095 715 1170 sulas
731 1093 782 1169 ad
796 1090 989 1166 Manlium
1007 1089 1213 1192 quemdam
1230 1105 1401 1192 portare,
1426 1086 1494 1190 qui
1507 1103 1634 1191 postea
1650 1087 1826 1189 princeps
1840 1086 1915 1161 suit.
1927 1087 2017 1162 belli

615 1217 798 1293 faciundi.
837 1218 893 1290 Ea
918 1228 1136 1316 tempestate
1158 1211 1344 1314 plurimos
1372 1211 1558 1312 cuiusque
1588 1209 1733 1313 generis
1752 1208 1926 1285 homines
1953 1210 2018 1285 ad·

615 1339 760 1416 scivisse
781 1338 853 1414 sibi
874 1337 1037 1429 dicitur3
1060 1335 1235 1423 mulieres
1260 1335 1375 1410 etiam
1398 1333 1566 1436 aliquot,
1591 1357 1677 1435 quae
1706 1333 1831 1435 primo
1856 1334 2018 1438 ingentis

615 1480 762 1542 sumtus
787 1479 920 1566 stupro
946 1459 1113 1564 corporis
1140 1458 1417 1533 toleraverant:
1441 1474 1527 1561 post
1551 1457 1621 1531 uti
1642 1472 1731 1530 aetas
1753 1457 2018 1531 tantummodo
2056 1449 2059 1458 λ

616 1587 794 1694 quaeetui,
819 1613 946 1691 neque
968 1583 1131 1659 luxuriae
1151 1581 1312 1657 modum
1336 1581 1492 1670 fecerat,
1516 1605 1564 1655 ωε
1586 1581 1758 1655 alianum
1771 1580 1916 1683 grande
1929 1607 2018 1655 con·

615 1705 815 1794 flaverant,
841 1728 911 1805 per
931 1729 991 1779 eas
1012 1731 1051 1778 se
1072 1703 1238 1778 Catilina
1262 1703 1440 1778 credebat
1460 1729 1566 1806 posse
1597 1704 1747 1778 servitia
1777 1704 1925 1778 urbana
1949 1704 2020 1779 sol-

616 1834 781 1923 licitare,
808 1830 944 1905 urbem
960 1826 1183 1916 incendere,
1207 1826 1306 1901 viros
1322 1851 1455 1900 earum
1472 1825 1533 1900 rel
1554 1825 1761 1928 adiungere
1775 1826 1862 1917 sibi,
1888 1817 1947 1903 vel
1963 1829 2022 1902 in·
2054 1821 2056 1825 ⁸

571 1954 796 2046 ,5terficera
831 1950 904 2025 Sed
917 1950 967 2022 'in
984 1946 1045 2023 his
1065 1964 1148 2023 erat
1162 1947 1386 2051 Sempronia
1404 1973 1490 2050 quae
1511 1948 1634 2024 multa
1653 1974 1751 2053 saepe
1772 1949 1892 2024 virilis
1904 1951 2022 2028 auda·

618 2080 686 2156 ciae
706 2075 877 2152 facinora
901 2072 1149 2147 commiserat.
1183 2073 1275 2146 Haec
1302 2071 1443 2147 mulier
1462 2097 1597 2177 genere
1616 2088 1733 2176 atque
1762 2072 1902 2165 forma,
1927 2101 2022 2179 prte-

619 2219 720 2278 terea
736 2201 954 2301 vincatque
978 2195 1105 2270 liberis
1127 2195 1216 2276 satis
1240 2194 1438 2270 fortunata
1462 2195 1538 2269 fuit
1560 2227 1568 2268 ε
1601 2195 1720 2270 literis
1742 2197 1884 2272 Groeois
1906 2215 2020 2302 atque

618 2325 763 2401 Latinis
781 2322 917 2398 docta:
940 2319 1101 2426 psallere
1115 2335 1154 2393 et
1166 2317 1304 2394 saltare
1324 2318 1549 2424 elegantius,
1574 2347 1693 2421 quam
1708 2346 1854 2430 necesse
1867 2340 1923 2397 eet
1936 2307 2023 2428 pro·

618 2451 698 2524 bae:
723 2448 847 2522 multa
869 2445 966 2534 alia,
985 2468 1071 2546 quae
1088 2443 1341 2518 instrumenta
1361 2441 1531 2518 luxuriae.
1571 2443 1643 2520 Sed
1659 2444 1694 2519 ei
1710 2446 1855 2520 cariora
1878 2441 2024 2552 semper

699 2652 772 2736 Cap.
788 2652 836 2725 ad.
858 2650 1062 2731 (insignantur.
1082 2625 1181 2708 Guell'.
1197 2647 1224 2708 5.
1248 2644 1284 2708 G.
1293 2647 1365 2707 Ant.
1381 2647 1442 2708 Bas.
1461 2669 1487 2708 ι.
1501 2648 1529 2720 4,
1549 2648 1705 2730 pecuniam
1724 2669 1777 2710 ruo
1792 2652 1833 2711 sic
1847 2654 1942 2712 maior
1959 2673 2024 2734 para

620 2733 716 2824 Codd.
735 2779 901 2842 proruam.
922 2755 1020 2814 Guell.
1037 2753 1101 2813 nt.
1114 2776 1143 2834 7.
1154 2755 1183 2814 8.
1204 2753 1273 2835 Teg.
1294 2753 1363 2812 Tur.
1377 2772 1405 2812 1.
1424 2751 1510 2812 Bern.
1523 2773 1551 2812 a.
1571 2752 1661 2813 dead.
1682 2753 1749 2814 San.
1769 2777 1795 2820 1.
1816 2757 1876 2816 inc.
1897 2757 1982 2818 Rem.
1999 2781 2023 2822 1.

618 2863 704 2924 l'alrr.
720 2885 747 2923 2.
775 2872 902 2924 martam
917 2867 1028 2919 mutuo.
1046 2855 1138 2934 ‘l'obn¹
1149 2877 1176 2916 2.
1197 2857 1259 2916 Bas.
1277 2876 1305 2915 a.
1317 2855 1345 2916 ὅ.
1362 2857 1391 2926 4.
1420 2857 1515 2918 Struv.
1538 2857 1604 2918 Ecc.
1625 2855 1676 2918 Ac.
1697 2860 1758 2920 inc.
1786 2860 1882 2920 Guell.
1902 2885 1930 2944 7.
1947 2865 1977 2924 8.
1995 2884 2023 2942 9.

624 2987 669 3025 ιι.
686 2987 732 3026 ra.
752 2965 833 3025 Leid.
843 2986 871 3028 a.
882 2964 912 3023 d.
924 2983 949 3022 e.
961 2962 993 3021 h.
1007 2965 1035 3022 lr.
1050 2984 1090 3020 m.
1110 2960 1180 3018 Tur.
1198 2980 1225 3019 a.
1246 2959 1331 3018 Bern.
1345 2981 1371 3019 ι.
1388 2980 1415 3024 a.
1426 2961 1494 3038 suit
1506 2982 1555 3040 pr.
1581 2961 1642 3021 Bos.
1655 2963 1683 3022 3.
1696 2965 1724 3034 4.
1737 2965 1890 3043 sensuit.
1917 2967 1978 3027 Bas.
1998 2990 2023 3030 2.

609 3069 827 3148 fuitsocr'undr'
844 3067 913 3127 betti
928 3067 1014 3126 Bern.
1035 3087 1061 3125 1.
1083 3064 1256 3124 metrosa:
1276 3063 1332 3124 oti
1344 3064 1423 3124 abest
1439 3065 1510 3146 Reg.
1534 3065 1593 3125 Erl.
1615 3067 1699 3126 Fabr.
1717 3089 1743 3126 2.
1766 3070 1863 3128 Guelf.
1877 3071 1906 3130 3.
1929 3094 2024 3152 nnpr.

618 3179 719 3236 locum
732 3185 806 3235 mut.
818 3169 953 3254 Guelf.!7.
974 3171 1125 3231 Manlium
1141 3170 1180 3228 iu
1195 3169 1328 3228 meliores
1342 3169 1409 3228 libri
1426 3171 1511 3229 ceteri
1521 3182 1572 3230 aut
1585 3171 1695 3232 Melius
1702 3185 1753 3232 aut
1762 3173 1882 3234 ttattta
1899 3177 1929 3235 id
1944 3178 2024 3258 quod

619 3281 706 3338 otiam
717 3279 775 3338 Dio
790 3278 926 3358 expressit
937 3275 1002 3336 Lib.
1015 3275 1064 3358 37.
1079 3275 1129 3336 30.
1148 3293 1178 3334 ae
1196 3273 1341 3333 credebat.
1362 3274 1423 3333 Bar.
1434 3274 1464 3346 4.
1491 3273 1550 3335 Erl.
1569 3276 1654 3336 llam.
1676 3299 1700 3336 ι.
1729 3298 1759 3338 re
1772 3279 1859 3338 deest.
1880 3280 1976 3341 Guell.
1993 3285 2021 3352 4.
2076 3325 2079 3332 .

620 3383 756 3462 ingentia.
783 3382 879 3442 Guell.
892 3383 920 3442 5.
950 3382 1012 3463 ing.
1027 3391 1062 3442 st.
1083 3401 1145 3442 cor.
1162 3389 1249 3445 sumt.
1279 3377 1364 3439 Fabr.
1380 3399 1407 3440 r.
1438 3379 1505 3440 San.
1528 3401 1556 3440 a.
1584 3380 1653 3464 Tag.
1683 3381 1741 3441 siti·
1756 3383 1881 3464 ndiurtg.
1915 3386 1977 3446 Bas.
1993 3385 2022 3448 3.

619 3487 736 3553 Leidssc.
2002 3499 2011 3509 “

685 3613 758 3696 Cap.
772 3615 820 3675 25.
837 3622 990 3694 praetereo.
1002 3611 1058 3693 lp.
1073 3611 1155 3672 Cort.
1170 3613 1320 3672 ominum.
1340 3613 1407 3674 viro
1420 3615 1535 3676 ttterta:
1556 3619 1596 3676 ita
1619 3617 1733 3676 Manat.
1750 3619 1920 3680 auctoritate
1929 3619 2026 3682 Fron·

622 3723 716 3793 tonis,
736 3719 914 3779 adsentiente
933 3717 1074 3789 Grutero,
1095 3716 1146 3776 red
1166 3726 1252 3794 atquc
1269 3736 1385 3790 omnes,
1407 3719 1504 3785 credo.
1526 3720 1623 3780 codd.
1637 3733 1806 3782 constanter
1819 3733 1946 3784 tuentur.
1981 3725 2025 3784 De

622 3826 753 3886 Parieinis
770 3823 850 3883 enim
862 3839 925 3880 non
940 3821 1043 3900 liquet.
1061 3819 1164 3879 Editor
1175 3821 1254 3880 enirn
1271 3817 1303 3879 h.
1317 3805 1338 3880 l.
1360 3830 1463 3900 atque,
1477 3828 1566 3903 paulo
1579 3825 1721 3904 postfm’t
1741 3827 1857 3902 omisit,
1868 3825 2024 3906 atqroeLn·
2082 3835 2084 3840 '

620 3930 675 3996 tr‘n,
696 3927 900 3990 excudendum
923 3925 1052 3998 curavit,
1070 3923 1173 3983 redde
1191 3923 1288 3983 Codd.
1306 3926 1431 3984 lectione
1451 3925 1527 3986 nihil
1552 3927 1771 4000 animadvertit3
1794 3932 1900 4010 quain
1922 3952 1951 3992 re
1969 3953 2022 3992 aa·
2097 3990 2103 3998 ‚

619 4039 686 4117 pius
699 4032 841 4114 peccavit.
859 4027 1006 4108 firitSen.
1028 4047 1054 4088 a.
1071 4036 1144 4092 erat.
1165 4029 1251 4088 illud.
1275 4031 1362 4089 ceteri
1386 4029 1483 4090 Godd.
1500 4041 1628 4093 tuentur.
1656 4042 1743 4112 atquc
1761 4033 1892 4110 Latinir,
1912 4035 1979 4101 Sen.
1999 4057 2023 4096 r.

618 4141 681 4204 Bor.
697 4160 728 4200 a.
752 4141 813 4198 inc.
832 4135 918 4198 Febr.
943 4133 1013 4196 vin.
1029 4153 1057 4195 a.
1078 4132 1174 4198 Guell.
1192 4155 1221 4201 2.
1234 4157 1265 4218 7.
1280 4157 1309 4218 9.
1325 4154 1375 4197 ra.
1400 4135 1470 4198 Tur.
1488 4158 1517 4200 1.
1535 4138 1620 4199 Bem.
1637 4160 1665 4199 a.
1681 4139 1709 4198 3.
1738 4147 1766 4197 et
1782 4137 1895 4198 Latini.
1923 4159 2025 4201 omne·

617 4243 699 4308 Leid.
720 4243 781 4302 Bar.
794 4264 820 4307 1.
834 4243 864 4312 4.
884 4242 954 4301 Tur.
972 4260 999 4299 2.
1020 4239 1105 4298 Bern.
1126 4259 1151 4299 ι.
1178 4249 1207 4298 et
1221 4242 1472 4320 psallereaoltare.
1493 4243 1576 4306 Leid.
1594 4264 1625 4309 n.
1652 4243 1761 4304 saltare
1776 4253 1863 4322 atquc
1881 4235 2020 4314 cantara,

618 4348 679 4412 Erl.
697 4347 820 4432 psallere
838 4355 866 4406 et
877 4345 1017 4432 psaltere.
1037 4343 1134 4411 Guett.
1147 4364 1177 4412 a.
1195 4345 1266 4414 Sen.
1277 4367 1302 4408 a.
1319 4347 1459 4428 psaltere,
1470 4347 1597 4421 sultare,
1608 4365 1731 4420 canere,
1743 4357 1875 4410 camare.
1896 4347 2023 4414 Berua.
