4560 5338
564 349 626 398 vm

565 503 737 608 primum
751 500 791 576 in
802 499 877 577 hoc
891 501 1059 575 multum
1074 499 1190 575 studii
1202 500 1402 590 consumsi,
1415 516 1460 574 ut
1472 499 1617 601 ubique
1630 499 1796 601 genuina
1806 497 1970 576 auctoris

565 626 695 715 verba,
716 624 838 700 nimio
863 622 1094 698 emendandi
1106 621 1232 698 studio
1245 621 1387 711 deleta,
1405 621 1649 698 restituerem.
1676 621 1793 720 Quod
1805 623 1909 716 enim
1930 621 1971 696 in

565 749 706 826 caeteris
726 747 872 822 artibus
896 727 1090 850 literisque
1102 763 1233 851 optare
1247 747 1427 836 solemus,
1453 761 1498 849 ut
1514 744 1611 848 quid
1625 745 1776 848 antiqui
1789 745 1911 819 critici
1925 745 1973 820 de

566 872 610 945 iis
623 871 844 959 statuerint,
863 871 973 945 uobis
986 885 1224 974 compertum
1234 871 1283 944 sit
1289 903 1299 964 3
1312 870 1352 946 id
1366 871 1491 946 nescio
1501 928 1511 959 ,
1522 897 1573 945 an
1583 869 1746 944 Salustio
1757 869 1972 974 plurimum

565 993 699 1069 damni
721 992 902 1068 attulerit.
938 997 1037 1069 Cum
1050 994 1155 1070 euim
1166 991 1247 1067 lieri
1263 1020 1342 1067 nou
1357 1007 1498 1098 posset,
1516 993 1613 1095 quin
1625 993 1876 1068 Grammatici
1888 1049 1896 1081 ,
1910 993 1976 1067 Sa-

564 1116 776 1193 lustianum
789 1115 943 1194 dicendi
956 1143 1090 1224 genus,
1103 1145 1122 1192 a
1137 1118 1285 1223 vulgari
1302 1117 1486 1221 loquendi
1503 1117 1780 1194 consuetudine
1793 1117 1974 1193 alienissi-

563 1249 690 1332 mum,
716 1240 851 1345 saepius
874 1257 1076 1333 notarent,
1101 1269 1192 1317 cum
1214 1242 1289 1316 alia
1312 1243 1451 1332 multa,
1471 1257 1554 1318 tum
1570 1241 1764 1317 brevitatis
1782 1268 1871 1317 eum
1894 1259 1973 1316 stu-

563 1365 818 1443 diosissimum
845 1363 958 1440 fuisse
986 1363 1217 1440 iudicarunt
1263 1364 1308 1440 Id
1332 1366 1437 1468 quod
1467 1368 1716 1471 arripuerunt
1749 1366 1973 1442 recentiores

564 1489 805 1592 interpretes,
832 1503 947 1592 atque
969 1485 1045 1563 hoc
1067 1514 1209 1577 unum,
1235 1503 1421 1592 tanquam
1442 1489 1576 1564 iudicii
1595 1513 1772 1563 normam
1789 1488 1971 1593 amplexi,

563 1612 712 1689 urendo
733 1627 850 1712 atque
867 1609 1030 1684 secando
1050 1611 1220 1710 priscum
1237 1609 1460 1683 Salustiauoe
1479 1609 1661 1686 orationis
1683 1612 1848 1688 nitorem
1868 1613 1973 1688 resti-

565 1725 670 1811 tuere
694 1733 766 1808 sihi
786 1733 855 1808 visi
876 1747 975 1806 sunt.
1010 1731 1155 1806 Multos
1176 1729 1350 1833 quidem,
1375 1749 1413 1807 et
1429 1731 1616 1837 imprimis
1639 1733 1869 1826 Gruterum,
1892 1761 1973 1812 non
2018 1719 2024 1728 ¹

563 1859 679 1962 fugit,
704 1858 838 1959 saepius
863 1852 972 1928 aliud
998 1853 1207 1956 quicquam
1230 1875 1348 1956 quam
1373 1855 1597 1927 brevitatem
1632 1875 1828 1930 auctorem
1851 1857 1973 1934 videri

564 2006 639 2056 esse
655 1995 849 2071 secutum,
874 1977 889 2074 (
895 1978 1010 2051 verba
1028 1977 1133 2052 enim
1146 1977 1263 2082 magis
1277 1975 1328 2051 ad
1349 1977 1622 2081 compendium
1641 1979 1834 2071 conferre,
1855 2007 1973 2084 quam

564 2103 747 2180 Salustius
766 2100 873 2190 fecit,
898 2097 1007 2174 haud
1027 2100 1081 2174 ita
1099 2098 1229 2203 magui
1250 2115 1305 2175 est
1323 2100 1514 2204 negotii);
1536 2099 1577 2175 id
1598 2128 1687 2178 vero
1708 2101 1872 2179 aliorum
1894 2131 1973 2178 ma-

526 2201 530 2210 .
562 2228 740 2329 ximeque
758 2224 878 2301 Curtii
900 2223 1102 2298 audaciam
1120 2249 1200 2298 non
1223 2225 1416 2327 repressit,
1432 2224 1530 2326 quin
1552 2223 1675 2298 multa
1697 2225 1874 2300 licentius
1904 2205 1973 2302 auss

489 2385 494 2400 ·
565 2351 711 2426 derent
729 2347 933 2436 lllecnim,
959 2348 1134 2423 omnium
1152 2347 1304 2422 Salustii
1318 2347 1573 2452 interpretum
1585 2365 1622 2422 et
1635 2349 1779 2454 ingenii
1796 2351 1974 2427 acumine

563 2490 602 2551 et
635 2472 851 2549 eruditione
876 2471 988 2547 facile
1015 2472 1212 2575 princeps,
1237 2472 1306 2574 qui
1326 2497 1428 2545 unus
1447 2469 1542 2546 huic
1567 2471 1715 2547 auctori
1747 2473 1834 2578 plus
1860 2475 1973 2550 lumi·
2071 2525 2074 2528 -

563 2597 623 2672 nis
645 2596 777 2671 attulit
801 2585 929 2698 'quam
947 2596 1062 2671 ceteri
1080 2621 1226 2685 omues,
1250 2594 1359 2671 haud
1374 2623 1480 2685 raro,
1502 2595 1632 2672 furore
1657 2597 1827 2700 quodam
1847 2625 1973 2675 emen-

565 2719 685 2795 dandi
698 2721 899 2822 abreptus,
925 2733 1060 2794 contra
1073 2719 1309 2822 optimorum
1324 2705 1498 2793 codicum
1509 2721 1795 2811 auctoritatem,
1817 2723 1973 2797 bonaeet

563 2845 718 2919 sincerae
738 2841 931 2918 vetustatis
945 2843 1061 2915 verba
1081 2857 1262 2944 corrupta
1278 2839 1435 2930 habuit,
1462 2842 1504 2916 in
1519 2841 1801 2921 dubitationem
1818 2849 1973 2939 vocavit,

564 2965 710 3040 delevit.
735 2961 996 3040 Nihilominus
1016 2979 1144 3038 umen
1162 2962 1386 3038 recentiores
1404 2963 1644 3070 interpretes,
1664 2969 1694 3042 si
1712 2972 1880 3074 apaucis
1898 2972 1973 3048 dis-

563 3089 738 3175 cesseris,
772 3087 901 3162 omnia
925 3086 1029 3161 illius
1059 3087 1232 3179 inventa,
1258 3103 1445 3192 tanquam
1473 3117 1519 3166 ex
1538 3093 1727 3196 Apollinis
1755 3123 1819 3172 ora
1846 3097 1972 3187 missa,

563 3213 727 3287 retinere
756 3227 795 3285 et
820 3209 1019 3314 saepissime
1037 3210 1272 3318 optimorum
1292 3213 1476 3289 Codicum
1501 3219 1767 3295 auctoritatem
1787 3221 1975 3298 deserere,

562 3359 681 3434 quam
707 3325 825 3405 Curtii
855 3336 1092 3408 coniecturas
1124 3336 1339 3411 accuratius
1365 3340 1582 3418 examinare
1615 3343 1844 3420 maluerunt
1886 3347 1968 3421 Hoc
2012 3384 2016 3396 »

564 3454 668 3531 enim
692 3451 754 3540 fit,
787 3464 833 3523 ut
854 3473 944 3520 cum
974 3444 1060 3545 quis
1082 3447 1282 3515 excellenti
1307 3463 1462 3542 Rabonio
1485 3487 1574 3518 *mm
1605 3470 1812 3545 puniverit,
1837 3472 1972 3553 ceteri,
2006 3536 2012 3544 ,

565 3577 664 3652 alius
682 3574 803 3648 alium
822 3587 1007 3672 tanquam
1020 3563 1309 3669 prudentiorem
1320 3563 1457 3649 secuti,
1482 3563 1524 3636 in
1536 3561 1640 3636 illius
1655 3563 1788 3650 verba,
1813 3577 1859 3637 ut
1870 3585 1972 3636 sum-

565 3699 619 3776 mi
634 3696 815 3802 magistri,
845 3695 971 3768 iurare
992 3715 1074 3764 uon
1087 3685 1276 3761 dubitent
1309 3683 1444 3784 Quare
1463 3683 1522 3758 vel
1545 3700 1673 3788 aperte
1688 3684 1780 3758 falsa
1795 3699 1972 3760 constan·

567 3841 624 3900 ter
645 3819 847 3897 retinendo
877 3830 1032 3889 tantum
1060 3807 1295 3886 auctoritatis
1327 3808 1372 3882 iis
1396 3807 1618 3897 adstruunt,
1639 3825 1686 3882 ut
1714 3809 1782 3908 qui
1811 3809 1971 3910 antiqua

566 3963 605 4022 et
638 3945 805 4049 genuina
836 3936 1065 4048 restitaserit,
1099 3932 1320 4008 temerarius
1351 3930 1510 4007 dicatur.
1561 3935 1695 4006 Tantae
1719 3933 1984 4036 interpretum

567 4069 711 4145 levitati
743 4083 859 4168 atque
879 4058 1211 4137 inconsiderantius
1233 4073 1279 4132 ut
1305 4056 1455 4132 obviam
1481 4057 1595 4148 irem,
1621 4057 1800 4132 lectiones
1821 4057 1971 4134 varian-

569 4207 642 4284 tes,
683 4217 730 4267 ex
750 4187 927 4294 plurimis
948 4184 1164 4276 codicibus,
1205 4197 1273 4259 aut
1293 4181 1343 4257 ab
1364 4181 1448 4258 aliis
1469 4197 1538 4258 aut
1560 4209 1582 4260 a
1611 4208 1673 4260 me
1695 4181 1776 4288 ipso
1802 4182 1970 4287 collatis,
