4542 5318
1709 415 1778 493 ²²7
1869 415 1873 424 ’

377 567 436 638 Ra
460 561 599 638 fiducia
622 588 741 665 quam
759 561 992 666 argumentis
1009 563 1244 668 purgatiores
1268 563 1530 642 dimittuntur.
1552 571 1604 628 ·'-
1629 569 1683 664 14.
1704 559 1779 646 Eoss

376 686 464 786 dem
476 712 580 762 anno
592 684 635 761 in
644 684 869 761 Macedonia
884 687 922 760 G
934 686 1069 776 Curio,
1085 687 1278 791 principio
1293 688 1389 764 veris
1405 715 1495 776 cum
1509 693 1677 766 exercitu
1688 719 1777 796 pro-

376 809 497 886 fectus
519 810 562 884 in
579 807 835 899 Dardaniam,
850 809 990 910 quibus
1013 811 1141 913 potuit
1162 809 1285 887 modis
1306 811 1426 887 dictas
1448 813 1630 916 pecunias
1646 816 1778 920 coegit.

374 977 425 1024 7-
455 931 508 1009 15.
519 932 592 1008 Sed
608 932 679 1036 ipsi
698 931 829 1006 ferunt
849 946 1006 1008 taurum
1023 959 1071 1008 ex
1082 959 1208 1038 grege,
1225 959 1341 1036 quem
1362 960 1483 1038 prope
1494 934 1606 1011 litora
1624 937 1776 1041 regebat

251 1113 260 1123 .
376 1057 489 1132 Corsa
510 1055 681 1145 nomine,
705 1054 818 1159 Ligus
840 1053 987 1130 mulier.
1010 1097 1062 1112 -
1091 1057 1144 1129 16.
1169 1057 1225 1130 Ne
1258 1053 1325 1130 illa
1351 1072 1462 1131 tauro
1480 1058 1588 1160 paria
1613 1059 1699 1135 sint
1725 1104 1776 1124 ·-

379 1207 433 1278 17·
459 1179 587 1276 Quem
615 1204 661 1253 ex
692 1176 927 1252 Mauritania
956 1203 1022 1252 rex
1049 1179 1223 1281 Leptasta
1253 1177 1481 1280 proditionis
1507 1181 1776 1268 ,insimulatum

374 1327 464 1378 cum
487 1300 708 1378 custodibus
728 1300 950 1375 miserat-
979 1304 1032 1376 18.
1059 1298 1166 1396 Quos
1187 1298 1388 1375 advorsum
1403 1302 1517 1376 multi
1536 1329 1582 1377 ex
1595 1301 1776 1406 Bithynia

373 1425 539 1501 volentes
562 1449 779 1514 occurrere,
804 1422 943 1500 falsum
961 1421 1086 1496 filium
1108 1422 1306 1527 arguituri.
1320 1467 1371 1484 -
1401 1448 1454 1520 ¹9
1478 1426 1530 1499 Ut
1539 1426 1691 1501 actione
1711 1427 1776 1502 de·

373 1549 525 1624 sisteret
544 1592 603 1610 -
630 1571 684 1622 2ο.
709 1550 882 1650 Vespera.
909 1594 960 1610 --
986 1569 1042 1620 22.
1066 1547 1277 1649 Argentum
1298 1562 1480 1622 mutuum
1505 1549 1709 1624 accersivit
1723 1599 1776 1616 ....

375 1697 431 1748 22.
456 1674 552 1746 Fam
579 1671 815 1747 deditionem
836 1684 1004 1758 senatus,
1027 1695 1097 1758 per
1124 1669 1286 1743 nuncios
1307 1669 1449 1746 Orestis
1470 1670 1681 1776 cognitam,
1709 1673 1775 1746 ad-

373 1795 520 1898 probat
546 1841 596 1856 -·
624 1799 679 1866 25.
704 1791 785 1865 Nisi
807 1817 884 1892 qua
904 1789 1049 1864 flumen
1069 1791 1205 1866 Durda
1234 1793 1362 1866 Tauro
1379 1809 1510 1868 monte
1532 1791 1710 1869 defluens.
1724 1844 1776 1858 -

375 1925 430 2011 24.
456 1921 487 1990 F
488 1943 627 2020 rugum
645 1915 855 2016 pabulique
875 1913 983 1988 laetus
998 1907 1102 2018 ager.
1117 1959 1167 1974 -
1196 1913 1251 1988 25.
1277 1917 1408 2017 Neque
1427 1914 1589 2019 virgines
1607 1933 1776 2020 nuptum

373 2067 395 2114 a
420 2039 642 2144 parentibus
665 2039 941 2126 mittebantur,
964 2035 1031 2111 sed
1065 2036 1154 2140 ipsae
1180 2036 1272 2110 belli
1299 2036 1612 2140 promptissumos
1631 2038 1775 2145 delege-

373 2162 478 2236 bant
504 2209 555 2224 —
591 2163 646 2235 26.
672 2158 862 2235 Modestus
890 2159 1090 2266 adomnia
1112 2159 1189 2233 alia
1214 2159 1288 2233 nisi
1319 2159 1369 2232 ad
1391 2158 1701 2240 dominationem
1727 2205 1775 2222 —

377 2312 434 2381 27.
457 2285 583 2359 Noctu
606 2282 751 2384 diuque
775 2283 954 2356 stationes
977 2297 1016 2356 et
1033 2281 1179 2385 vigilias
1205 2297 1398 2385 temptare.
1412 2330 1463 2344 -
1487 2285 1544 2360 28.
1569 2284 1620 2356 At
1635 2284 1776 2360 Lucul-

358 2407 458 2500 ,lum
481 2405 576 2510 regis
597 2431 690 2478 cura
718 2402 937 2478 machinata
965 2401 1082 2476 fames
1107 2402 1213 2477 brevi
1234 2403 1434 2508 fatigabat,
1459 2404 1649 2507 multique
1672 2434 1778 2484 comm

373 2545 519 2606 meatus
540 2525 767 2600 interierant
789 2523 936 2598 insidiis
965 2523 1171 2598 latronum.
1196 2563 1255 2582 -
1281 2550 1335 2620 29·
1361 2529 1414 2599 Ut
1441 2527 1508 2600 alii
1531 2528 1775 2606 tradiderunt

373 2655 587 2727 Tartessum
604 2633 1030 2752 Hispaniae‘civitatem,
1054 2671 1174 2748 quam
1196 2672 1304 2720 nuno
1322 2647 1428 2748 Tyrii
1450 2663 1599 2723 mutato
1619 2654 1776 2730 nomine

374 2773 498 2850 Gadir
509 2773 663 2848 habent
674 2812 722 2828 -
737 2771 934 2872 saneque
942 2768 1134 2859 subsidiis,
1146 2769 1206 2844 uti
1223 2767 1405 2858 soluerat,
1420 2771 1699 2871 compositis-
1717 2782 1774 2850 31.

372 2899 503 3001 Neque
523 2897 688 2972 inermos
705 2920 751 2969 ex
770 2889 903 2997 praelio
925 2891 1024 2967 viros
1043 2918 1278 2994 quemquam
1295 2910 1537 2999 agnoturum
1561 2939 1612 2954 -
1639 2901 1694 2970 52.
1720 2900 1775 2973 Ea

375 3019 611 3094 continentia
631 3019 690 3092 vir
706 3016 845 3121 gravis,
856 3031 895 3090 et
914 3015 1024 3090 nulla
1045 3029 1127 3090 arte
1144 3015 1328 3119 cuiquam
1347 3015 1513 3092 inferior.
1532 3062 1596 3090 -.
1611 3023 1668 3092 33.
1684 3018 1776 3096 Om-

374 3215 453 3276 Non.
469 3215 560 3278 Marc,
575 3215 611 3291 4,
627 3237 693 3277 ι22.
716 3215 811 3277 modis
825 3216 906 3296 quod
924 3219 955 3277 in
976 3217 1075 3276 ceteris
1088 3214 1170 3275 libris
1186 3212 1377 3287 desideratur,
1399 3213 1501 3275 Carrio
1519 3237 1553 3276 ex
1568 3219 1656 3278 reteri
1667 3197 1777 3283 Codice

374 3321 566 3404 reposuit-
590 3321 636 3380 15.
653 3321 739 3382 Prisc.
754 3321 790 3394 6,
809 3321 864 3394 ι5,
880 3321 999 3400 274-
1024 3320 1069 3382 ι6.
1083 3319 1162 3377 Don.
1181 3317 1219 3376 ad
1230 3316 1369 3392 Andri,
1387 3338 1419 3377 2.
1433 3323 1533 3380 26-
1553 3321 1736 3400 17.Prisc.5‚
1749 3345 1778 3399 2,

369 3427 445 3507 ‚169.
458 3459 499 3474 -
522 3426 567 3486 ι8.
589 3425 630 3484 id.
648 3445 699 3496 ιο,
722 3445 759 3496 2,
778 3423 847 3494 ter.
870 3422 945 3487 cod.
962 3422 1048 3482 Luth.
1066 3433 1095 3482 et
1114 3422 1191 3502 Lips.
1207 3442 1232 3479 ι.
1251 3439 1466 3482 accurrerem·
1490 3443 1535 3504 ¹9·
1550 3423 1585 3484 C.
1599 3431 1645 3486 Fr.
1663 3429 1723 3488 des.
1737 3459 1779 3477 ·-

377 3551 426 3591 2ο.
448 3527 537 3589 Char.
553 3551 584 3608 p.
600 3529 720 3609 ι98.·-
742 3547 789 3586 2ι.
812 3527 896 3590 Prisc.
912 3527 1148 3600 ιο,8,50[,.-
1170 3543 1219 3584 22.
1239 3523 1331 3599 its,
1347 3546 1399 3600 11,
1422 3528 1488 3586 258.
1509 3557 1551 3574 -
1574 3527 1621 3594 23.
1641 3531 1778 3608 ὶ8.6,2,

378 3636 455 3708 224,
475 3633 585 3694 Darda
601 3631 826 3714 prestantissimi
838 3629 936 3690 Codd.
956 3629 1059 3690 Lrtrdu
1069 3631 1168 3710 vulgo.
1189 3659 1231 3674 -
1251 3627 1301 3698 24.
1322 3626 1357 3692 C.
1375 3632 1421 3690 Fr.
1443 3631 1501 3690 lot.
1516 3631 1594 3694 Serv.
1608 3633 1727 3695 adden.
1745 3659 1779 3712 ι,
1844 3665 1851 3674 ·

376 3739 455 3814 442,
476 3749 506 3800 et
524 3760 575 3812 ιι,
590 3737 658 3800 338.
674 3735 887 3812 ubifrnctuttm
902 3736 1069 3824 legitur.-
1091 3733 1138 3795 25.
1146 3730 1181 3790 G.
1192 3735 1237 3795 Fr.
1245 3742 1374 3813 prompt.
1384 3765 1426 3780 -
1447 3735 1494 3792 26.
1514 3733 1592 3792 Don.
1606 3735 1645 3792 ad
1659 3735 1778 3799 Phorm.

379 3865 415 3919 ι,
436 3864 471 3916 2,
489 3845 535 3907 ι8.
554 3874 597 3890 -
626 3861 674 3921 ²7·
695 3838 807 3900 Charis.
827 3863 857 3921 p.
879 3839 944 3899 ι85.
964 3870 1006 3886 -
1034 3839 1081 3898 28.
1101 3835 1179 3901 Νοιι.
1196 3836 1286 3896 Marc.
1307 3837 1341 3908 6,
1355 3857 1384 3914 9.
1412 3835 1560 3911 interfecti
1576 3847 1644 3896 sura!
1665 3840 1781 3902 videtur

374 3967 432 4032 ease
446 3946 612 4029 legendum.
630 3943 671 4004 Aa
684 3948 773 4022 ·fot.
793 3946 880 4004 etiam
894 3944 1007 4004 Servius
1020 3941 1108 4001 babet
1119 3942 1158 4014 8,
1174 3942 1209 4015 4,
1226 3939 1344 4018 569.-
1367 3958 1413 4016 29.
1425 3937 1508 3998 Prisc.
1521 3939 1601 4014 5,3,
1622 3941 1688 4002 180.
1704 3945 1739 4018 6,
1750 3967 1779 4026 9.

380 4049 448 4129 ²⁴9·
467 4079 509 4096 -
529 4049 579 4108 30.
599 4047 641 4107 id.
655 4069 693 4128 9,
709 4069 761 4120 ro,
775 4047 844 4118 468.
867 4079 909 4094 -
931 4053 964 4108 31
997 4047 1039 4105 id.
1059 4066 1095 4104 ιο
1105 4049 1160 4117 ,3,
1176 4043 1245 4112 486.
1264 4042 1343 4102 Serr-
1357 4041 1525 4117 addend,
1542 4043 1589 4103 23.
1608 4077 1650 4091 -
1672 4051 1720 4107 32.
1741 4049 1782 4108 Et

375 4151 540 4228 continetur
555 4152 655 4232 grauis
674 4161 728 4210 ete.
744 4149 821 4208 Non.
843 4151 879 4224 4,
900 4151 968 4208 2ι8.
988 4149 1065 4208 vir·
1078 4148 1171 4223 ἰτρίων.
1192 4144 1227 4204 C.
1241 4151 1285 4211 Fr.
1304 4166 1326 4204 s.
1341 4169 1369 4207 v.
1392 4144 1526 4222 irffcrior.
1547 4166 1581 4205 eo
1600 4150 1782 4212 ruminantia

374 4253 474 4321 Doara
489 4258 624 4318 coniecit.
645 4252 825 4315 recontinet
843 4253 955 4313 Carrio.
970 4283 1012 4298 ·-
1032 4249 1081 4310 33.
1104 4249 1139 4310 C.
1156 4251 1203 4311 Fr.
1224 4270 1327 4328 prum.
1347 4283 1388 4298 ·-
1409 4239 1457 4320 3'4.
1471 4248 1548 4310 Don.
1559 4251 1599 4312 ad
1611 4253 1729 4318 Phorm.
1749 4279 1782 4332 ι,

1132 4447 1135 4456 ⁴
1263 4377 1289 4434 ’it
