4542 5318
603 411 675 482 268

588 585 671 661 ‘bus
687 587 745 661 bis
760 585 822 662 die
841 601 1015 662 ventrem
1034 608 1218 674 onerare,
1237 581 1388 658 nullent
1408 597 1560 658 noctem
1577 578 1659 655 eine
1683 592 1808 652 scorto
1832 569 1998 676 quiesce·

581 734 657 798 re,
667 725 838 798 mosem,
851 709 921 783 ubi
941 709 1133 797 animum,
1148 734 1264 810 quem
1281 705 1473 782 dominari
1491 703 1665 792 decebat,
1679 700 1828 776 servitio
1842 718 1996 800 oppret-

584 855 698 940 serep
716 857 961 935 nequequam
985 858 1043 923 eo,
1063 845 1190 935 postea
1206 829 1336 904 hebeti
1356 845 1471 930 atque
1489 825 1644 916 claudo,
1669 851 1741 928 pro
1754 819 1917 898 exercito
1935 815 1994 892 uti

594 954 739 1029 nolunt
773 956 870 1031 Nam
886 952 1146 1058 imprudentia
1168 952 1356 1056 pleraque
1368 967 1407 1026 et
1424 949 1729 1054 sepraecipitant
1755 949 1901 1022 Verum
1911 939 1995 1014 haec

594 1090 632 1150 et
656 1075 785 1152 omnia
807 1076 908 1154 mala
937 1076 1082 1180 pariter
1111 1100 1201 1149 cum
1223 1073 1370 1149 honore
1397 1073 1571 1176 pecuniae
1600 1071 1791 1159 desinent,
1817 1061 1993 1165 sineque

592 1198 849 1301 magistratus,
875 1225 1000 1301 neque
1025 1197 1101 1272 alia
1123 1196 1238 1301 vulgo
1265 1195 1462 1298 cupiunda
1487 1195 1633 1271 venalia
1663 1209 1786 1270 erunt.
1836 1189 1896 1266 Ad
1915 1187 1991 1261 hoe

589 1318 872 1423 providendum
892 1317 947 1394 est
967 1320 1058 1412 tibi,
1079 1344 1250 1421 quonam
1271 1318 1386 1394 modo
1402 1319 1512 1392 Italia
1527 1334 1642 1419 atque
1658 1313 1864 1420 provinciae
1876 1311 1992 1385 tutio-

590 1467 647 1521 res
664 1443 762 1518 sint:
788 1443 829 1518 id
847 1443 953 1546 quod
969 1443 1078 1518 factu·
1095 1440 1201 1516 houd
1219 1441 1423 1515 obscurum
1444 1456 1507 1514 est
1541 1442 1638 1514 Nam
1657 1439 1759 1514 idem
1781 1435 1910 1512 omnia
1926 1459 1992 1507 va-

587 1580 710 1655 stant,
731 1589 816 1642 stus
838 1565 1045 1641 deserendo
1074 1564 1206 1660 domos
1226 1579 1266 1638 et
1284 1589 1354 1666 per
1377 1563 1562 1638 iniuriam
1589 1559 1735 1636 alienas
1755 1553 1988 1661 occupando.
2079 1575 2085 1587 ·

587 1688 684 1762 Item
704 1714 771 1778 ne,
795 1703 841 1762 ut
869 1686 1023 1777 adhuc,
1055 1687 1197 1761 militia
1227 1685 1368 1761 iniusta
1392 1702 1461 1760 aut
1484 1683 1683 1786 insequalis
1706 1684 1775 1757 sit:
1808 1707 1898 1756 cum
1921 1676 1987 1752 alii

475 1806 479 1815 ’
588 1807 743 1913 triginta
753 1865 770 1899 ,,
789 1833 881 1912 pars·
898 1809 1054 1885 nullum
1075 1809 1310 1911 stipendium
1329 1808 1465 1884 faciet:
1491 1825 1529 1884 et
1545 1808 1784 1898 frumentum
1804 1803 1862 1892 id,
1882 1800 1987 1904 quod

587 1947 698 2007 antea
720 1931 922 2033 praemium
942 1931 1101 2033 ignaviae
1114 1930 1214 2020 fuit,
1233 1957 1304 2034 per
1323 1930 1538 2032 municipia
1555 1945 1593 2004 et
1613 1930 1781 2004 colonias
1801 1926 1877 2002 illis
1894 1926 1986 2000 dare

587 2052 804 2143 conveniet,
829 2052 900 2156 qui
918 2052 1116 2154 stipendiis
1136 2036 1306 2128 'emeritis
1330 2039 1461 2128 domos
1487 2051 1716 2127 reverterint
1742 2051 1840 2147 Quoe
1858 2047 1987 2152 reipu-

554 2171 558 2178 ’
584 2173 695 2250 blieoe
709 2177 920 2250 'neeessaria
940 2173 1088 2277 tibique
1103 2173 1263 2279 gloriosa
1284 2190 1388 2250 ratus
1400 2201 1502 2265 sum,
1522 2201 1640 2278 quam
1659 2171 1910 2278 paucissumis
1919 2171 1986 2244 al>

583 2298 685 2372 solvi
719 2299 805 2372 Non
825 2297 932 2400 peius
946 2297 1116 2384 videtur,
1132 2321 1254 2399 pauca
1277 2323 1384 2372 nunc
1402 2297 1450 2372 de
1466 2297 1567 2372 facto
1588 2324 1673 2372 meo
1693 2297 1878 2371 disserere.
1904 2289 2014 2368 Ple'

582 2419 693 2520 rique
713 2419 889 2495 mortales
904 2419 954 2494 ad
971 2417 1225 2494 iudicandum
1239 2420 1327 2493 satis
1343 2419 1488 2524 ingenii
1512 2418 1658 2496 habent
1677 2435 1746 2494 aut
1765 2417 1949 2493 simulant
1973 2449 1981 2489 :

581 2565 714 2616 verum
733 2543 841 2617 euim
855 2539 904 2615 nd
919 2539 1233 2644 reprehendenda
1250 2543 1378 2618 aliena·
1399 2543 1504 2618 facu.
1522 2560 1591 2618 aut
1607 2543 1709 2618 dicta
1725 2540 1834 2617 ardet
1856 2540 1981 2616 omni·

562 2663 845 2758 ,bus.animus;.
869 2663 933 2739 vix
952 2665 1040 2738 sat-is
1062 2680 1239 2768 apertum
1268 2691 1324 2756 os,
1350 2681 1419 2740 eut
1447 2665 1578 2770 lingua
1609 2681 1786 2769 prompta
1812 2663 1984 2754 videtur,

580 2811 667 2887 quae
688 2786 874 2862 meditata.
892 2801 1045 2890 pectore
1069 2787 1240 2862 evolvat:
1277 2789 1420 2890 quibus
1449 2816 1510 2863 me
1532 2790 1747 2864 subiectum
1772 2785 1880 2862 haud
1900 2813 1982 2890 poe-

580 2907 699 2998 uitet,
723 2908 1046 3013 magisreticuisse
1065 2909 1218 3012 pigeret
1251 2910 1446 2986 Nam-sive
1456 2909 1552 3002 hnc,
1566 2937 1632 2986 seu
1651 2911 1806 2985 meliore
1826 2910 1901 2984 alia
1919 2911 1980 2983 sia

578 3054 722 3134 perges3
750 3058 777 3104 a
796 3057 857 3106 me
881 3031 1038 3132 quidem
1057 3058 1132 3133 pro
1154 3032 1256 3106 virili
1280 3049 1388 3134 parte
1415 3035 1563 3109 dictum
1591 3052 1629 3109 et
1654 3034 1831 3109 adiutum
1854 3033 1978 3108 fuerit„

566 3152 786 3254 ·Reliqutun
804 3171 858 3230 est
879 3171 1029 3258 optare,
1052 3155 1128 3242 uti,
1153 3179 1246 3257 quoe*
1264 3153 1334 3228 tibi
1351 3155 1588 3260 placuerint,
1604 3182 1648 3231 ee
1671 3157 1728 3232 dii
1746 3157 1976 3232 immortales

579 3275 792 3380 approbent
814 3276 987 3379 beneque
1005 3277 1155 3353 evenire
1179 3277 1318 3354 sinent
1482 3273 1484 3277 ’
1767 3301 1771 3307 ·

1021 3475 1430 3554 EPISTOLA
1479 3481 1541 3553 ΙΙ.

550 3655 568 3698 r
677 3611 761 3690 Scio
786 3638 880 3720 ego,.
897 3641 1014 3720 <sunm
1035 3622 1194 3698 difficile·
1212 3641 1337 3728 atque·
1353 3652 1534 3730 asperum
1562 3607 1668 3700 factu
1692 3627 1742 3701 sit
1771 3625 1975 3708 consilium

576 3735 667 3828 dere
686 3737 763 3843 regi
783 3755 852 3813 aut
875 3739 1125 3846 imperatori,
1141 3749 1538 3852 postremopcuicpiam
1565 3750 1735 3841 mortali,
1761 3750 1870 3826 cuius
1887 3776 1975 3855 opes

573 3859 618 3934 in
632 3860 781 3954 excelso
794 3879 909 3939 sunt:
933 3866 1077 3972 quippe
1089 3896 1178 3948 cum
1196 3873 1326 3948 stillis
1344 3873 1609 3949 consultorum
1625 3873 1744 3976 copim
1760 3873 1974 3966 adsintne-

572 4098 626 4156 que
644 4099 705 4142 om.
719 4081 805 4144 retr.
821 4095 851 4145 et
866 4083 942 4184 liri'c.
958 4073 1177 4172 prouidindmn
1193 4101 1235 4152 est
1253 4090 1314 4152 ιῶἰ.
1335 4091 1389 4152 titt
1406 4097 1495 4176 vut‘go
1513 4095 1769 4155 omissumeontra
1786 4079 1883 4154 Codd.
1904 4113 1972 4154 eum

572 4183 721 4262 stipendiis
738 4186 870 4249 moritu.
892 4209 960 4250 eum
980 4213 1040 4251 om.
1063 4193 1147 4254 Febr.
1163 4207 1192 4256 et
1208 4195 1289 4259 Bric..
1303 4196 1356 4276 qm·
1371 4197 1435 4276 etri).
1456 4197 1550 4260 Vstie.
1570 4197 1891 4277 edito-pectoreenolat
1902 4217 1971 4258 om·

571 4286 703 4347 nulibri
715 4301 868 4374 cotnuptt..
880 4293 961 4354 dieta
978 4305 1094 4374 pectore
1115 4299 1223 4361 eistat
1243 4303 1589 4382 eucouiettuteiegilnr„
