4570 5316
1667 369 1740 438 203

339 531 476 610 itinere
498 531 598 610 fessis
614 535 811 628 omnibus;
832 533 939 610 Sulla
953 535 1096 638 pariter
1115 563 1206 612 curn
1229 551 1320 612 ortu
1330 533 1418 613 solis
1430 554 1552 614 castra
1571 541 1739 615 metaba-

340 671 422 744 tur,
446 663 570 758 quur'n
585 659 729 760 equites
740 657 868 731 Mauri
888 657 1079 734 nunciant
1083 655 1377 763 ‚Iugurtham'
1345 661 1497 737 circiter
1513 661 1636 740 duum
1651 664 1740 737 mil·-

339 777 438 854 lium
458 779 660 858 intervallo
676 795 766 855 ante
783 804 844 854 eos
856 780 1071 856 consedisse.
1122 781 1239 878 Quod
1255 785 1457 885 postquam
1473 784 1651 861 auditum
1663 801 1739 875 est,

238 887 243 898 ’
340 916 425 977 tum
441 927 530 979 vero
556 904 688 1007 ingens
708 918 830 978 metus
847 919 993 978 nostros
1012 903 1162 979 invadit
1181 937 1190 977 :
1215 905 1368 980 credere
1387 906 1607 1008 reproditos
1625 910 1739 982 aVo-

211 1023 215 1028 ’
339 1022 425 1100 luce
448 1040 487 1100 et
502 1025 649 1100 insidiis
666 1025 950 1101 circumventos.
995 1027 1051 1100 Ao
1065 1023 1188 1117 fuere,
1213 1025 1283 1128 qui
1303 1026 1494 1117 dicerent,
1517 1056 1638 1104 mann
1655 1030 1739 1104 vin-

339 1145 550 1224 dicandum
564 1173 689 1250 neque
701 1146 806 1251 apud
818 1148 931 1222 illum
945 1161 1098 1223 tantum
1108 1149 1229 1224 scelus
1244 1147 1416 1224 inultum
1430 1150 1739 1252 relinquendum.

339 1273 389 1345 At
403 1269 521 1362 Sulla,
542 1297 778 1375 quamquam
788 1268 922 1346 eadem
931 1270 1172 1361 autumabat,
1191 1286 1320 1345 tamen
1334 1271 1383 1345 ab
1398 1271 1542 1348 iniuria
1554 1275 1737 1350 Maurum
1750 1309 1806 1372 ¹⁰7

338 1394 538 1500 prohibet:
563 1419 649 1469 suos
668 1395 863 1482 hortatur,
889 1392 948 1466 uti
968 1391 1106 1468 fortem
1121 1393 1297 1468 animum
1313 1410 1512 1498 gererent:
1535 1421 1632 1499 saepe
1651 1413 1740 1472 ante

339 1519 472 1623 paucis
487 1517 650 1594 strenuis
667 1516 869 1592 advorsum
894 1515 1185 1592 multitudinem
1206 1517 1304 1591 bene
1322 1533 1538 1621 pugnatum
1558 1551 1565 1590 :
1591 1536 1739 1621 quanto

339 1642 412 1717 sibi
434 1644 476 1716 in
499 1641 632 1746 praelio
655 1640 784 1714 minus
795 1639 1067 1743 pepercissent,
1093 1654 1201 1715 tanto
1217 1639 1373 1714 tutiores
1391 1638 1499 1715 fore:
1525 1667 1741 1743 necquem-

342 1791 460 1868 quam
480 1764 627 1854 decere,
652 1762 721 1866 qui
741 1785 879 1838 manus
896 1762 1116 1852 armaverit,
1135 1762 1185 1836 ab
1203 1761 1358 1836 inermis
1379 1760 1741 1864 pedibusauxilium

339 1905 485 1992 petere,
511 1887 554 1962 in
574 1910 754 1963 maxumo
772 1901 879 1961 metu
901 1884 1054 1960 nudum
1071 1900 1111 1959 et
1132 1909 1275 1959 oaecum
1296 1905 1434 1988 corpus
1448 1884 1499 1959 ad
1519 1883 1637 1961 hostis
1657 1915 1742 1964 vor·

341 2027 426 2088 tere.
475 2010 626 2086 Deinde
644 2010 854 2099 Volucem,
880 2007 1066 2110 quoniam
1085 1995 1239 2082 hostilia
1267 2005 1427 2097 faceret,
1452 2010 1580 2083 lovem
1608 2037 1742 2085 maxu-
1774 2059 1781 2074 ·

341 2161 449 2210 mum
475 2133 696 2223 obtestatus,
729 2147 775 2206 ut
791 2129 938 2207 sceleris
959 2146 1075 2234 atque
1094 2128 1264 2234 perfidiae
1287 2127 1426 2204 Bocchi
1453 2131 1554 2206 testis
1580 2132 1740 2225 adesset,

340 2284 386 2333 ex
406 2256 534 2333 castris
550 2255 655 2330 abire
675 2255 792 2329 iubet.
839 2252 912 2327 llle
937 2252 1155 2328 lacrumans
1172 2241 1296 2342 orare,
1320 2279 1370 2328 ne
1389 2278 1433 2328 ea
1459 2253 1653 2329 crederet:
1681 2257 1742 2332 ni-

284 2465 291 2482 ‘
341 2379 400 2455 hil
420 2379 509 2457 dolo
532 2379 699 2466 factum,
713 2371 757 2450 ac
775 2373 893 2477 magis
913 2371 1123 2447 calliditate
1143 2370 1362 2476 Iugurthae,
1387 2375 1451 2449 cui
1466 2375 1643 2455 videlicet
1658 2405 1741 2483 spe-

341 2503 488 2581 culanti
509 2502 582 2576 iter
603 2525 717 2574 suum
731 2496 929 2601 cognitum
949 2509 1048 2568 esset.
1100 2497 1293 2583 Ceterum,
1320 2497 1505 2595 quoniam
1531 2524 1657 2601 neque
1671 2503 1742 2578 'in-

341 2642 491 2733 gentem
509 2620 799 2699 multitudinem
818 2615 997 2706 haberet,
1021 2630 1060 2690 et
1073 2639 1156 2717 spes
1175 2638 1339 2719 opesque
1365 2616 1446 2692 eius
1472 2644 1518 2692 ex
1535 2637 1645 2721 patre
1671 2648 1741 2700 suo

340 2747 575 2854 penderent,
596 2743 749 2821 credere
769 2741 883 2817 illum
903 2737 1004 2814 nihil
1020 2737 1149 2843 palam
1164 2762 1367 2828 ausurum,
1392 2765 1515 2844 quum
1542 2740 1620 2844 ipse
1639 2742 1742 2820 filius

343 2871 443 2948 testis
462 2868 628 2945 adesset:
655 2890 775 2968 qrrare
793 2879 997 2968 optumum
1016 2859 1162 2936 factum
1181 2859 1321 2952 videri,
1344 2887 1415 2965 per
1431 2861 1556 2938 media
1578 2865 1659 2941 eius
1681 2894 1742 2941 ca-

341 3075 428 3138 Psris.
442 3071 542 3143 Beni.
561 3070 631 3131 Tur.
652 3071 737 3131 Bern.
750 3091 776 3129 1.
797 3090 844 3131 aas
864 3089 924 3136 orn.
946 3069 1077 3128 Palatms
1096 3067 1176 3145 quod
1188 3073 1343 3145 postquam
1356 3064 1491 3126 auditam
1505 3051 1621 3127 estam.
1644 3067 1741 3130 Goell.

343 3176 581 3262 7.saproditos.
598 3189 706 3236 soom.
723 3174 808 3236 Rem.
831 3171 1009 3239 Guell.r.3.
1029 3169 1285 3231 semestrem.
1769 3199 1773 3208 ‚

425 3304 498 3388 Cap.
523 3325 588 3387 ¹⁰7·
613 3304 716 3363 audam
731 3303 899 3362 attumabat
925 3300 1020 3358 Senot.
1042 3318 1068 3358 ι.
1089 3301 1178 3359 Palat.
1198 3317 1225 3357 2.
1239 3299 1269 3368 4.
1286 3297 1315 3356 6.
1337 3295 1410 3379 Reg.
1423 3298 1590 3359 estimabat
1610 3233 1695 3362 llem.
1713 3325 1742 3364 2.

342 3412 411 3474 viu.
425 3433 452 3472 2.
472 3411 568 3470 Sonat.
583 3429 611 3468 2.
632 3406 731 3466 Henss.
750 3404 831 3467 Vrat.
850 3425 878 3464 2.
893 3407 923 3469 3.
945 3400 1135 3462 existumabat
1152 3401 1237 3460 Bem.
1257 3422 1283 3462 1.
1310 3401 1494 3462 aautimabat
1520 3407 1616 3464 couri.
1634 3407 1742 3487 prolui

343 3517 425 3578 tatas
444 3517 529 3576 Bern.
544 3525 570 3574 t.
589 3511 659 3572 Tur.
678 3518 784 3589 garam
804 3507 976 3572 leid.b.m.
995 3506 1065 3564 Vin.
1079 3524 1105 3563 2.
1127 3504 1211 3568 Rem.
1228 3525 1253 3570 ι.
1265 3504 1294 3566 3.
1314 3515 1403 3566 anteo
1413 3507 1516 3586 passed
1534 3509 1602 3568 San.
1617 3531 1643 3568 ι.
1656 3510 1742 3570 Febr,

347 3641 376 3683 2.
405 3620 503 3680 Guell.
517 3617 546 3678 3.
558 3637 588 3698 9.
609 3633 663 3676 nec
679 3617 782 3676 &esra
800 3633 883 3692 quam
899 3629 1004 3670 manus
1024 3608 1100 3668 Edit.
1117 3611 1264 3690 princeps.
1289 3628 1374 3689 quem
1396 3631 1501 3670 atauus
1520 3611 1624 3672 Fraus.
1645 3611 1742 3673 Gnelf.

349 3745 395 3792 ta.
417 3725 492 3784 Edd.
504 3733 561 3786 ret.
581 3719 662 3781 leid.
679 3741 719 3778 ns.
730 3739 762 3778 a.
782 3716 909 3777 Bern.1.
929 3713 1026 3774 Turio.
1047 3731 1153 3772 mnus
1168 3713 1224 3791 qui,
1238 3713 1334 3779 Guels.
1345 3714 1373 3785 4.
1393 3717 1436 3774 od
1454 3715 1566 3773 honam
1581 3724 1654 3778 vert.
1674 3716 1742 3775 Sea.

349 3827 672 3904 1.Leid.n.,facsrat.·
694 3820 1038 3902 umoelavemmagaum
1066 3816 1163 3878 Gusll.
1175 3817 1204 3888 4.
1235 3816 1299 3878 lov.
1318 3835 1458 3894 maguum
1478 3816 1565 3873 etiam
1579 3813 1639 3880 Eri.
1660 3837 1742 3877 maa.

345 3932 407 3997 Iao.
427 3933 495 3996 vin.
509 3951 535 3995 2.
555 3929 652 3994 Guell'.
668 3949 693 3988 ι.
713 3928 764 3989 alii
775 3926 879 3998 duoex
894 3923 975 3998 Cort-
996 3921 1146 3982 accastris
1164 3921 1282 3980 Gruteri
1291 3919 1366 3981 libri.
1389 3919 1509 3979 Faber.
1529 3917 1625 3982 Strur.
1637 3919 1740 3982 ane.

346 4037 443 4100 Guell.
454 4034 525 4110 [¹3.
536 4035 566 4096 6.
586 4031 668 4093 Febr.
681 4052 708 4092 2.
730 4031 811 4112 Berg.
832 4025 1014 4108 tsidg.h.i.
1033 4025 1075 4084 sic
1095 4023 1194 4084 Pemb.
1213 4024 1305 4082 Mark-
1320 4035 1355 4086 Λ.
1378 4021 1462 4079 Bodl.
1483 4019 1554 4101 lleg.
1575 4019 1635 4081 Erl.
1656 4021 1741 4085 Bam.

350 4164 376 4207 t.
395 4141 492 4202 Turic.
511 4159 602 4220 proep.
616 4156 677 4197 om.
693 4133 788 4196 cetam
809 4149 897 4190 arara
916 4149 976 4188 orn.
997 4126 1095 4186 Turio.
1115 4135 1147 4185 at
1168 4125 1263 4203 tnagis
1282 4143 1358 4183 nnus
1373 4122 1458 4182 Paris.
1479 4123 1528 4183 cui
1545 4123 1680 4186 videlicet
1698 4147 1741 4207 sp.

345 4245 434 4310 videl.
459 4265 520 4308 om.
542 4239 652 4304 Fabric.
669 4259 700 4301 2.
720 4233 912 4316 opstqmitos
929 4249 1017 4312 pron.
1035 4249 1095 4288 orn.
1116 4226 1202 4287 Baro.
1220 4249 1246 4286 r.
1267 4224 1337 4287 Tur.
1356 4227 1476 4286 amulae
1497 4225 1590 4288 dium.
1612 4232 1741 4290 erederet

1220 4327 1249 4386 dt
