4570 5316
1530 481 1533 490 ,
1640 409 1706 506 157

306 572 470 678 proinde
497 572 620 676 parati
657 570 872 676 intentique
904 587 1024 648 essent
1053 573 1161 678 signo
1184 571 1273 652 dato
1293 577 1482 655 Romanos
1505 551 1708 659 invadere:

307 693 422 786 illum
444 695 548 772 diem
572 711 641 770 aut
670 697 793 770 omnis
821 696 968 770 labores
1006 712 1044 770 et
1073 694 1249 773 victorias
1269 701 1607 793 confirmaturum,
1641 719 1710 780 aut

306 845 574 895 maxumarum
589 844 849 893 aerumnarum
872 818 1028 894 initium
1043 817 1132 896 fore.
1165 821 1227 895 Ad
1239 818 1313 897 hoc
1328 825 1489 916 viritim,
1502 827 1561 901 uti
1578 854 1710 930 quem·

308 968 384 1046 quc
405 944 454 1018 ob
476 942 642 1017 militare
659 941 808 1016 facinus
833 941 996 1045 pecunia
1015 958 1084 1017 aut
1103 941 1250 1020 honore
1265 948 1466 1037 extulerat,
1493 975 1712 1028 commone*

307 1065 430 1142 facere
449 1063 625 1141 beneficii
654 1064 714 1138 sui
736 1080 775 1138 et
798 1089 888 1138 cum
911 1064 1036 1168 ipsum
1058 1064 1142 1140 aliis
1169 1082 1382 1144 ostentare:
1407 1087 1614 1173 postremo,
1635 1101 1710 1178 pro

245 1281 250 1290 Ι
308 1189 493 1292 cuiusque
511 1186 687 1292 ingenio,
711 1186 952 1290 pollicendo,
969 1186 1204 1280 minitando,
1226 1191 1468 1283 obtestando,
1485 1194 1616 1270 'alium
1632 1198 1710 1272 alio

308 1313 422 1390 modo
448 1311 636 1389 excitare:
668 1336 759 1386 cum
786 1310 942 1386 interim
967 1311 1161 1402 Metellus,
1187 1313 1341 1417 ignauis
1363 1312 1554 1408 hostium,
1579 1336 1712 1396 monte

311 1435 528 1540 degrediens
553 1460 642 1510 cum
662 1433 830 1508 exercitu
848 1433 1082 1537 conspicitur
1089 1466 1100 1528 3
1124 1435 1249 1538 primo
1269 1435 1430 1529 dubius,
1452 1439 1641 1543 quidnam
1652 1442 1712 1516 in.

192 1591 202 1604 ·
308 1558 417 1637 solita
450 1556 563 1632 facies
599 1554 832 1646 ostenderet,
867 1555 983 1653 (nam
1015 1557 1118 1632 inter
1142 1559 1306 1663 virgulta
1341 1561 1431 1664 equi
1459 1564 1712 1667 Numidasque

193 1697 202 1706 '
310 1680 573 1770 consederant,
598 1703 725 1780 neque
754 1677 870 1782 plane
892 1677 1078 1754 occultari
1102 1675 1326 1756 bumilitate
1350 1685 1558 1776 arborum,
1591 1701 1630 1762 et
1657 1702 1712 1762 ta-

311 1832 399 1883 men
419 1805 577 1893 incerti,
605 1802 793 1905 quidnam
815 1816 924 1898 esset5
957 1827 1081 1904 quum
1107 1820 1248 1879 natura
1281 1805 1375 1896 loci,
1409 1823 1494 1883 tum
1519 1809 1609 1884 dolo
1638 1809 1711 1913 ipsi

311 1945 424 2034 atquc
456 1927 564 2031 signa
593 1925 775 2000 militaria
802 1923 1022 2026 obscurati)
1034 1926 1046 2018 ;'
1083 1925 1191 2018 dein,
1213 1929 1320 2004 brevi
1346 1930 1506 2034 cognitis
1537 1931 1711 2024 insidiis,

310 2052 518 2160 paullisper
543 2074 679 2155 agmen
705 2049 922 2146 constituit3
956 2048 1011 2123 ibi
1039 2050 1280 2124 commutatis
1315 2051 1533 2141 ordinibus,
1558 2052 1601 2127 in
1624 2053 1712 2129 dex-

311 2192 370 2253 tro
391 2176 525 2266 latere,
550 2171 908 2275 quodproxumum
923 2169 1041 2246 hostis
1058 2188 1158 2263 erat,
1184 2172 1401 2275 triplicibus
1425 2173 1602 2249 subsidiis
1635 2174 1713 2250 aci-

311 2325 372 2378 em
394 2296 598 2374 instruxit:
624 2293 726 2368 inter
742 2292 961 2396 manipulos
979 2293 1196 2384 funditores
1214 2311 1252 2369 et
1270 2295 1481 2399 sagittarios
1516 2295 1715 2402 dispertit:

310 2422 525 2528 equitatum
547 2442 700 2494 omnem
724 2415 766 2491 in
791 2413 971 2490 cornibus
990 2415 1117 2490 locat:
1143 2443 1188 2490 ac
1207 2443 1331 2519 pauca
1357 2444 1429 2520 pro
1449 2434 1620 2522 tempore
1639 2420 1713 2496 mi-

310 2548 393 2624 lites
416 2544 609 2631 hortatus,
634 2539 755 2614 aciem
778 2539 891 2613 sicuti
915 2538 1170 2627 instruxerat,
1204 2540 1425 2614 transvorsis
1442 2541 1643 2643 principiis
1667 2543 1713 2622 in

311 2669 474 2777 planum
499 2662 664 2768 deducit
709 2661 781 2736 Sed
803 2657 873 2737 ubi
892 2659 1078 2768 Numidas
1099 2658 1247 2761 quietos
1277 2685 1403 2761 neque
1433 2661 1531 2737 colle
1558 2663 1710 2768 degredi
1720 2693 1759 2755 50

312 2787 608 2876 animadvortit,
641 2784 784 2861 veritus
812 2811 859 2861 ex
885 2784 981 2860 anni
1012 2799 1182 2886 tempore
1204 2797 1242 2858 st
1269 2781 1400 2886 inopia
1425 2809 1555 2886 aquae,
1577 2787 1711 2864 nociti

312 2914 563 2997 conficeretur
584 2908 787 3003 exercitus,
817 2907 1010 2984 Rutilium
1037 2905 1206 3012 legatum
1231 2931 1320 2980 cum
1341 2904 1523 3009 expeditis
1547 2904 1713 2986 cohorti-

312 3043 383 3118 bus
402 3054 442 3114 et
459 3050 567 3140 parte
591 3032 767 3134 equitum
792 3033 983 3137 praemisit.
994 3030 1045 3106 ad
1071 3031 1237 3120 flumen,
1262 3030 1322 3105 uti
1341 3030 1470 3105 locum
1489 3029 1619 3136 castris
1645 3057 1713 3111 an-

311 3220 450 3283 mimaut
469 3212 552 3274 Leid.
568 3233 595 3272 ο.
610 3232 639 3294 g.
658 3209 760 3282 baal.
777 3233 834 3294 pro
850 3211 960 3291 udusq.
980 3210 1042 3290 ing.
1062 3230 1155 3292 prnp.
1176 3228 1238 3269 om.
1258 3211 1373 3290 aliquot
1387 3209 1500 3276 Wassii,
1519 3206 1605 3270 Febr.
1627 3209 1712 3274 Rem.

310 3325 372 3388 Bas.
388 3315 415 3385 ι.
434 3317 526 3382 lead.
545 3318 647 3379 Vinar.
666 3317 763 3376 Semu.
778 3337 804 3380 1.
824 3315 943 3378 Virta.
964 3316 1031 3376 Eco.
1052 3316 1148 3378 Strur.
1169 3313 1266 3374 Guelf.
1279 3335 1304 3374 ι.
1318 3313 1425 3384 nbi.
1437 3334 1465 3396 7.
1480 3334 1508 3393 9.
1526 3334 1571 3372 ιο.
1586 3314 1713 3398 ra.'l'sg.

310 3429 397 3492 Ram.
409 3431 437 3490 ὅ.
464 3421 573 3500 cuiusq.
589 3440 647 3500 pro
667 3420 727 3485 Erl.
748 3420 780 3478 B.
792 3420 863 3480 Pub.
888 3420 1083 3500 pollicitarum
1103 3421 1205 3483 insert.
1222 3439 1246 3477 ι.
1268 3417 1365 3478 Guels.
1387 3438 1433 3477 12.
1463 3438 1505 3475 m.
1519 3435 1575 3482 sec.
1600 3419 1714 3486 Leidi,

311 3529 480 3615 digredr'cm
493 3525 581 3589 Fabr.
594 3524 656 3582 Bos.
671 3543 697 3587 1.
707 3523 736 3595 l.
756 3523 825 3584 vin.
841 3545 866 3587 1.
887 3524 954 3583 Seu.
969 3524 1069 3587 Heuss.
1085 3522 1189 3584 Franc.
1209 3523 1306 3583 Gnell.
1320 3545 1345 3586 1.
1359 3543 1386 3582 a.
1399 3521 1428 3593 4.
1440 3543 1469 3602 9.
1482 3542 1531 3580 ιο.
1545 3542 1591 3581 ιι.
1612 3539 1715 3586 omncs

312 3635 394 3700 teis
409 3643 512 3716 pretor
530 3633 551 3689 l.
573 3628 658 3688 Paris.
669 3649 696 3688 a.
708 3627 738 3692 b.
752 3626 782 3691 d.
796 3649 823 3688 c.
843 3626 928 3687 Bern.
943 3649 968 3688 ι.
981 3628 1010 3689 3.
1038 3635 1168 3688 montem
1187 3627 1272 3686 Fabr.
1290 3648 1315 3685 1.
1340 3625 1443 3690 Franc.
1469 3625 1624 3685 obscurata
1645 3623 1714 3688 Eos.

312 3761 392 3824 ψη.
406 3733 530 3797 instituit
549 3733 612 3792 Bas.
629 3754 654 3791 ι.
672 3731 752 3794 Vrat.
770 3752 795 3796 1.
806 3752 834 3792 a.
855 3730 1171 3800 Guell.3.10.1r.1a.
1192 3731 1272 3791 Leid.
1285 3732 1380 3796 c.e.'s.
1396 3735 1416 3789 l.
1438 3729 1522 3788 Paris.
1534 3727 1564 3791 b.
1584 3728 1714 3789 constitit

311 3827 425 3910 Fabrici
444 3839 532 3904 nivii.
553 3835 702 3898 conuituit
713 3838 818 3918 reliqui
835 3855 946 3898 omnes.
964 3857 1052 3918 prox.
1075 3836 1202 3897 hostibus
1221 3836 1311 3900 Acsd.
1331 3835 1427 3898 Strur.
1447 3831 1551 3908 Fraus,
1573 3827 1670 3892 costr.
1681 3831 1714 3896 δι

313 3970 384 4036 m·
400 3968 446 4009 ιο.
464 3964 572 4008 11.12.
591 3942 672 4001 Leid.
684 3941 760 4008 b.d.
777 3964 804 4003 s.
819 3943 839 4004 i.
852 3944 931 4006 hm.
952 3941 1054 4014 ΒΜ.
1074 3941 1143 4001 Τοι.

395 4075 470 4157 Cup.
486 4074 535 4134 50.
554 4069 675 4150 digredi
691 4072 777 4132 Fabr.
796 4072 974 4140 Vindcad.
995 4071 1062 4137 Scn.
1075 4091 1101 4128 ι.
1121 4071 1180 4132 ἱιιο.
1200 4066 1296 4129 soor.
1315 4066 1381 4126 Eoo.
1403 4063 1501 4124 Gusll'.
1518 4085 1547 4125 a.
1558 4086 1588 4149 9.
1607 4083 1652 4130 ιο.
1665 4085 1711 4126 ιι.

252 4213 258 4230 ·
314 4203 418 4252 omnes
430 4176 514 4266 Lsid.
529 4185 630 4264 preter
639 4177 661 4236 l.
687 4175 788 4250 ΒΜ.
814 4177 981 4250 Bern,1.3.
1006 4195 1045 4238 ce
1058 4171 1136 4244 anni
1147 4168 1282 4254 temperis
1295 4169 1409 4230 Fabric.
1437 4167 1534 4242 Gnell.
1549 4169 1580 4242 d.
1600 4189 1642 4232 m.
1655 4188 1712 4234 sce.

1270 4298 1315 4369 ι8
