4582 5320
1651 365 1700 463 59

292 559 334 609 ea
359 557 416 610 res
440 559 587 638 magnae
610 534 766 609 initium
791 536 908 612 cladis
925 537 1008 612 fuit
1053 540 1150 614 Nam
1171 541 1229 614 uti
1249 541 1409 644 quisque
1433 543 1591 623 domum
1629 562 1698 620 aut

292 657 441 748 villam,
466 675 654 762 postremo
675 675 743 733 aut
765 687 829 734 ras
847 679 916 736 aut
936 662 1202 738 vestimentum
1229 664 1391 740 alicuius
1410 669 1694 770 concupiverat,

292 780 410 856 dabat
434 807 607 885 operam,
633 783 691 857 uti
712 783 754 857 in
776 786 1078 891 proscriptorum
1104 813 1264 862 numero
1286 805 1385 864 esset.
1426 793 1483 863 Ita
1508 791 1585 882 illi,
1610 792 1696 893 qui-

292 905 362 980 bus
387 905 611 1009 Damasippi
627 935 727 982 mors
748 907 889 982 laetitiae
907 908 1055 998 fuerat,
1080 907 1213 1013 paullo
1232 925 1316 1012 post
1335 910 1406 1013 ipsi
1424 901 1694 988 trahebantur:
1764 957 1770 964 ·

292 1053 416 1130 neque
442 1029 548 1132 prius
569 1029 654 1103 finis
672 1029 873 1133 iugulandi
901 1029 995 1119 fuit,
1021 1057 1139 1132 quam
1167 1031 1272 1105 Sulla
1297 1033 1419 1107 omnis
1447 1059 1532 1108 suos
1555 1035 1695 1110 divitiis

290 1151 460 1254 explerit
496 1155 621 1254 Atque
641 1179 709 1257 ego
731 1151 813 1228 haec
832 1179 913 1227 non
937 1153 979 1226 in
1000 1155 1049 1226 M.
1066 1153 1215 1244 Tullio,
1237 1181 1363 1257 neque
1383 1154 1442 1229 his
1462 1159 1694 1261 temporibus

291 1300 437 1367 vereor3
458 1274 525 1350 sed
547 1275 588 1350 in
606 1301 744 1380 magna
763 1276 913 1350 civitate
934 1275 1055 1351 multa
1079 1293 1117 1351 et
1140 1277 1242 1352 varia
1261 1277 1413 1382 ingenia
1434 1297 1534 1354 sunt.
1569 1283 1693 1366 Potest

291 1397 366 1472 alio
396 1415 582 1488 tempore,
607 1397 684 1473 alio
705 1399 891 1488 Consule,
916 1399 980 1474 cui
1005 1399 1096 1474 item
1114 1401 1297 1475 exercitus
1315 1401 1364 1501 [in
1394 1429 1513 1477 manu
1531 1404 1596 1493 sit,
1622 1404 1692 1478 fal-

288 1545 373 1596 sum
392 1521 541 1624 aliquid
561 1549 632 1624 pro
654 1548 741 1596 vero
764 1521 887 1614 oredi5
910 1523 980 1596 ubi
1004 1521 1079 1597 hoc
1099 1523 1297 1627 exemplo,
1329 1551 1398 1627 per
1416 1525 1543 1599 Senati
1566 1525 1692 1604 decre-
1778 1529 1787 1540 ’

291 1660 390 1732 tum,
416 1644 557 1758 Consul
579 1644 751 1750 gladium
773 1644 965 1734 eduxerit,
990 1646 1075 1748 quis
1098 1645 1157 1720 illi
1192 1646 1308 1721 finem
1335 1663 1491 1737 statuet,
1516 1665 1584 1723 aut
1606 1651 1691 1752 quis

291 1766 578 1842 moderabitur?
603 1769 764 1842 Maiores
791 1769 930 1858 nostri,
954 1771 1081 1843 Patres
1105 1769 1339 1872 conscripti,
1376 1796 1501 1872 neque
1523 1772 1690 1863 consilii,

289 1915 412 1994 neque
432 1891 601 1965 audaoiae
632 1917 819 1992 umquam
843 1917 1001 1994 eguere:
1037 1917 1162 1992 neque
1192 1891 1268 1966 illis
1290 1893 1466 1994 superbia
1491 1895 1689 1986 obstabat,

288 2040 365 2115 quo
393 2012 522 2089 minus
552 2014 677 2088 aliena
712 2014 912 2102 instituta,
943 2015 974 2088 si
1000 2014 1115 2091 modo
1141 2014 1261 2118 proba
1282 2030 1411 2105 erant,
1437 2015 1691 2093 imitarentur.

286 2139 400 2211 Arma
420 2151 536 2240 atque
562 2137 635 2212 tela
664 2137 845 2212 militaria
869 2138 918 2210 ab
934 2137 1188 2226 Samnitibus,
1214 2137 1378 2242 insignia
1398 2139 1690 2243 magistratuum

287 2261 335 2334 ab
351 2261 482 2335 Tuscis
506 2261 690 2364 pleraque
712 2276 980 2364 sumpserunt:
1006 2275 1195 2362 postremo
1214 2259 1320 2362 quod
1340 2260 1487 2360 ubique
1511 2261 1615 2364 apud
1629 2287 1688 2338 so-

285 2382 361 2458 cios
385 2400 454 2458 aut
479 2382 596 2459 hostis
626 2383 809 2458 idoneum
829 2383 1054 2471 videbatur,
1081 2409 1170 2456 cum
1189 2409 1339 2456 summo
1359 2382 1486 2458 studio
1502 2383 1608 2460 domi
1626 2413 1689 2461 ex·

284 2508 564 2610 sequebantur,
587 2505 730 2581 imitari
757 2532 876 2609 quam
899 2505 1067 2580 invidere
1096 2505 1207 2578 bonis
1226 2505 1428 2578 malebant.
1465 2505 1536 2580 Sed
1556 2508 1689 2584 eodem

285 2629 351 2705 illo
381 2646 572 2735 tempore,
609 2629 767 2704 Groeciae
803 2654 949 2703 morem
977 2626 1135 2713 imitati,
1168 2625 1385 2701 verberibus
1410 2627 1689 2706 animadvorte-

283 2752 379 2830 bant
405 2754 448 2830 in
477 2755 588 2843 civis,
619 2752 667 2828 de
696 2751 958 2828 condemnatis
988 2775 1183 2826 summum
1212 2748 1447 2853 supplicium
1474 2751 1686 2828 sumebant

173 2963 177 2968 “
283 2951 343 3012 vtis
354 2971 439 3032 poen.
456 2953 510 3012 Μι.
523 2951 611 3014 llivii.
631 2951 704 3012 alios
722 2948 898 3011 huiusmodi.
919 2951 1051 3032 plerique
1063 2947 1157 3008 Cortii
1170 2947 1251 3018 libri,
1280 2947 1359 3006 Leid.
1373 2950 1393 3013 i.
1414 2967 1519 3010 omncs
1528 2949 1589 3010 Bas.
1609 2953 1686 3014 eius-

283 3057 366 3117 modi
392 3043 489 3122 Cuelf.
504 3079 530 3118 ι.
546 3077 573 3117 a.
593 3058 634 3117 ita
645 3056 729 3118 Grut.
743 3056 835 3120 Wass.
849 3053 929 3115 edid.
942 3073 1044 3114 omnes
1054 3054 1116 3113 sere
1126 3053 1206 3112 Leid.
1226 3051 1295 3111 Tur.
1309 3073 1333 3111 ι.
1355 3052 1439 3112 Βιιιι.
1450 3053 1479 3113 ὅ.
1496 3056 1685 3132 asaotiosos.
1806 3093 1809 3104 ·

284 3159 345 3227 llas.
360 3183 385 3226 1.
400 3182 427 3222 a.
438 3161 468 3226 3.
479 3162 508 3234 l.
536 3160 617 3221 leid.
631 3160 662 3219 d.
674 3159 695 3219 s.
709 3162 731 3219 1.
751 3159 820 3220 Tui.
836 3155 908 3223 r.a.‘
923 3158 1008 3219 Bam.
1028 3179 1053 3216 ι.
1071 3177 1099 3221 a.
1117 3161 1158 3220 3,
1174 3158 1296 3216 domum
1317 3165 1369 3214 aut
1386 3156 1471 3220 villas
1498 3157 1560 3218 Bas.
1576 3181 1602 3218 ι.
1633 3163 1686 3220 in-

282 3277 342 3326 teri
358 3288 384 3326 ι.
409 3268 556 3328 atddom.
582 3265 653 3329 Τιιι.
669 3286 695 3329 ι.
712 3284 739 3330 24
770 3272 889 3323 αιιιυαι
907 3261 1095 3321 om.l'ab1io.
1111 3281 1137 3318 ι.
1165 3259 1266 3319 Vinar.
1282 3279 1307 3322 ι.
1334 3268 1388 3318 aut
1411 3281 1472 3325 om.
1486 3261 1548 3321 Bas.
1568 3284 1591 3327 ι.
1608 3284 1636 3324 a.
1653 3270 1681 3330 3.

232 3419 236 3426 .
282 3371 312 3442 l.
332 3371 433 3433 Vinar.
447 3391 479 3433 a.
496 3371 597 3432 Ηοιιιι.
616 3368 697 3442 leid,
713 3371 741 3434 k.
756 3389 788 3434 a.
807 3368 877 3432 Tur.
896 3389 920 3430 ι.
941 3365 1027 3426 Bern.
1042 3385 1068 3429 1.
1085 3384 1112 3424 a.
1126 3369 1154 3426 3.
1183 3363 1228 3422 uti
1247 3362 1319 3423 itin
1330 3383 1427 3442 prosc.
1445 3364 1563 3427 tomis
1585 3367 1683 3434 Guelf.
1750 3393 1759 3404 ·

283 3479 312 3546 l.
329 3477 356 3534 5.
376 3497 422 3536 ιι.
443 3474 526 3535 leid,
538 3497 565 3536 c.
578 3475 609 3534 d.
621 3479 642 3534 l.
653 3495 694 3534 m.
706 3495 737 3534 n.
757 3472 926 3534 retractiones
940 3469 1067 3530 Gruteri.
1088 3467 1207 3532 aaut.
1227 3467 1294 3532 Eoo.
1315 3466 1425 3527 attilo
1444 3471 1504 3535 inc.
1519 3492 1545 3530 ι.
1567 3471 1611 3532 ita
1624 3472 1683 3534 illo.

281 3599 367 3660 pron.
379 3579 581 3642 ominilrond.
602 3580 662 3642 inc.
675 3599 703 3644 a.
724 3583 768 3637 m.'
776 3595 823 3657 pr.
843 3575 912 3658 Τις.
930 3583 995 3656 post
1006 3573 1096 3654 paulo
1116 3571 1214 3633 Gueli.
1228 3593 1273 3632 ιι.
1296 3573 1617 3638 amnuntiandum
1630 3599 1683 3640 vc-

282 3686 477 3747 trntislibris..
500 3686 584 3766 atqttt
602 3693 664 3764 tgo'
675 3681 773 3744 Gueli.
792 3702 817 3746 ι.
835 3680 921 3742 item.
936 3701 963 3740 ι.
983 3697 1037 3760 ogo
1052 3679 1152 3740 delent
1164 3679 1261 3742 Sonat.
1272 3699 1303 3736 .ι.
1320 3676 1391 3736 Ecc.
1413 3679 1512 3744 lienis.
1544 3680 1608 3740 ltoec
1619 3700 1682 3744 non

282 3788 341 3857 Bas.
357 3814 383 3852 ι.
397 3811 426 3852 a.
447 3788 532 3855 Fabr.
551 3811 577 3850 1.
597 3789 694 3850 Guols.
709 3788 738 3859 4.
751 3789 779 3848 5.
794 3807 841 3848 ιι.
860 3786 970 3848 Vina.
990 3783 1085 3848 Strur.
1113 3784 1214 3844 Haust-
1234 3782 1320 3844 llam.
1339 3801 1364 3839 ι.
1385 3780 1444 3842 hoo
1459 3783 1556 3842 eston.
1575 3786 1634 3843 aad
1647 3785 1681 3844 in

283 3905 469 3976 marmagne
499 3895 707 3976 Gusll.7.·1r.
724 3913 770 3952 ra.
790 3879 1126 3964 urbanitati.
1153 3886 1239 3948 Bern-
1258 3907 1283 3951 1.
1310 3885 1362 3946 At.
1392 3886 1452 3948 inc.
1468 3907 1493 3947 1.
1513 3885 1616 3950 Bas.
1645 3888 1680 3948 in

281 4009 365 4064 tanto
377 4019 498 4081 magna
517 3999 616 4064 Gutli.
628 3999 658 4059 8.
677 3995 712 4058 in
729 3993 892 4058 ηιαηιιιιίί.
909 3992 973 4058 Βιι.
991 4013 1018 4058 ι,
1037 3991 1114 4054 Paris
1126 4011 1195 4050 an.
1215 3989 1254 4050 sit
1267 4009 1343 4052 unns
1359 3989 1597 4056 Wassiiomisit..
1615 3991 1679 4068 qua

280 4103 326 4164 itt·
335 4109 441 4182 finem.
458 4125 561 4166 omnes
576 4101 654 4164 libri.
687 4121 777 4180 ruqtoe
789 4095 906 4162 comati
920 4113 1012 4175 ιιιᾳιω
1027 4093 1158 4160 andacia
1177 4093 1246 4154 Nar.
1268 4114 1359 4174 nequa
1375 4093 1432 4154 illis
1446 4093 1557 4173 apert.
1575 4113 1678 4156 omnes

282 4209 339 4284 fert
351 4209 448 4272 Codd.
469 4209 631 4292 dimonis.
647 4205 731 4270 teta.
744 4203 814 4272 ab.
824 4223 893 4268 cn.
906 4202 971 4289 lag.
981 4197 1013 4260 b.
1024 4221 1065 4260 ιιι.
1077 4203 1107 4264 n'.
1117 4198 1219 4279 ,proto
1231 4209 1319 4260 arara
1330 4198 1464 4280 plerique
1475 4195 1554 4260 libri.
1573 4200 1678 4262 ‚wdtm

1302 4299 1328 4357 tit
