4560 5338
597 403 642 476 18

594 577 752 657 honeste
772 577 999 687 pudicitiam
1010 574 1207 669 habuisse3
1230 573 1294 650 sed
1313 601 1359 650 ex
1376 573 1460 649 aliis
1478 575 1590 649 rebus
1599 572 1734 680 magis,
1753 599 1871 676 quam
1894 573 2000 677 quod

546 705 781 806 l5cuiquam
799 703 840 778 id
851 717 1088 806 compertum
1105 699 1218 789 foret,
1232 697 1314 772 haec
1325 697 1426 771 fama
1445 697 1603 771 valebat.
1624 700 1705 771 Iam
1715 697 1887 801 primum
1903 697 1998 771 adu·

596 828 737 902 lescens
762 827 927 902 Catilina
951 823 1073 898 multa
1100 822 1267 896 nefanda
1300 837 1432 925 stupra
1457 819 1613 911 fecerat,
1639 847 1729 897 cum
1754 821 1900 926 virgine
1929 847 1998 895 no-

501 987 505 994 *
595 950 684 1040 bili,
711 978 800 1026 cum
825 949 1016 1026 sacerdote
1037 950 1185 1034 Vestae,
1220 944 1295 1019 alia
1319 942 1583 1019 huiuscemodi
1608 961 1741 1019 contra
1772 944 1830 1019 ius
1859 944 2000 1048 fasque,

594 1077 787 1150 Postremo
808 1089 941 1177 captus
966 1095 1094 1145 amore
1112 1067 1276 1142 Aureliae
1299 1066 1505 1159 Orestillae,
1529 1067 1637 1142 cuius
1658 1084 1797 1170 praeter
1820 1067 1999 1158 formam,

597 1196 698 1273 nihil
719 1223 907 1300 umquam
928 1195 1052 1304 bonus
1072 1191 1261 1284 laudavit,
1280 1191 1385 1293 quod
1404 1217 1447 1265 ea
1466 1191 1610 1266 nubere
1632 1191 1689 1264 illi
1710 1190 1928 1281 dubitabat,
1952 1192 1998 1266 ti-

596 1345 703 1398 mens
724 1321 943 1424 privignum
973 1317 1105 1392 adulta
1134 1329 1267 1407 aetate3
1302 1341 1374 1417 pro
1392 1331 1495 1389 certo
1523 1314 1712 1403 caeditur,
1739 1330 1874 1389 necato
1899 1313 1997 1402 filio,

595 1455 756 1518 vacuam
785 1442 944 1516 domum
974 1437 1135 1514 scelestis
1161 1437 1307 1540 nupti-is
1333 1437 1467 1512 fecisse.
1512 1437 1610 1533 Quae
1633 1437 1789 1538 quidem
1819 1461 1875 1512 res
1901 1435 1997 1510 mibi

596 1565 638 1638 in
660 1565 794 1669 primis
814 1564 967 1640 videtur
984 1587 1112 1638 caussa
1138 1560 1251 1634 finisse
1273 1559 1452 1634 facinoris
1464 1559 1693 1634 maturandi.
1726 1560 1900 1662 Namque
1916 1561 1998 1634 ani-

597 1713 682 1762 mus
706 1689 898 1789 impurus,
932 1685 989 1759 dis
1012 1682 1312 1784 hominibusque
1342 1680 1518 1771 infestus,
1552 1709 1676 1784 neque
1708 1683 1845 1787 vigiliis
1874 1709 1999 1786 neque

598 1809 793 1912 quietibus
815 1809 937 1884 sedari
958 1821 1126 1908 poterat:
1168 1804 1220 1878 ita
1246 1804 1476 1878 conscientia
1503 1822 1671 1880 mentem
1696 1807 1858 1881 excitam
1878 1823 1998 1881 vasta-

598 1930 674 2004 bat
709 1932 832 2036 Igitur
853 1930 953 2004 colos
974 1927 1189 2031 exsanguis,
1223 1926 1317 2002 foedi
1342 1927 1469 2019 oculi,
1501 1928 1599 2003 citus
1626 1929 1759 2019 modo,
1782 1929 1896 2005 modo
1922 1947 1997 2004 tar-

554 2051 670 2128 ¹6dus
691 2052 873 2144 incessus3
897 2075 1051 2154 prorsus
1075 2051 1116 2124 in
1136 2049 1232 2126 facie
1254 2051 1439 2156 voltuque
1461 2051 1636 2127 vecordia
1657 2051 1788 2127 inerat
1839 2054 1912 2129 Sed
1935 2055 1994 2129 iu·

599 2191 815 2265 ventutem,
842 2201 979 2277 quam,
1005 2189 1184 2276 utsupra
1206 2173 1388 2264 diximus,
1414 2174 1616 2265 inlexerat,
1640 2175 1771 2250 multis
1784 2177 1906 2252 modis
1920 2205 1999 2252 rna·

599 2299 637 2376 la
661 2299 833 2374 facinora
855 2296 1045 2373 edocebat
1094 2299 1152 2370 Ex
1177 2295 1252 2370 illis
1275 2313 1381 2372 testes
1398 2298 1678 2402 signatoresque
1699 2297 1809 2376 falsos
1832 2327 1999 2376 commo-

597 2421 708 2517 dare;
732 2421 859 2512 iidem,
885 2419 1077 2510 fortunas,
1100 2418 1272 2522 pericula
1294 2419 1383 2494 vilia
1408 2419 1683 2525 habere5post,
1704 2422 1772 2497 ubi
1788 2450 1922 2499 eornm
1941 2425 1996 2499 fa-

598 2570 702 2622 mam
721 2561 837 2648 atque
854 2543 1042 2648 pudorem
1054 2542 1280 2632 adtriverat,
1301 2543 1447 2618 maiora
1469 2545 1544 2618 alia
1566 2545 1797 2647 imperabat:
1817 2549 1852 2622 ¹si
1868 2573 1996 2625 caussa

588 2669 783 2776 ⁴peccandi
807 2669 849 2744 in
863 2693 1025 2774 presens
1046 2666 1175 2741 minus
1196 2666 1437 2770 suppetebat,
1461 2666 1590 2742 nihilo
1604 2667 1732 2743 minus
1747 2669 1932 2762 insontes,
1951 2672 1999 2746 si-

597 2909 696 2969 quam.
723 2891 805 2968 qaod
814 2887 914 2947 delent
927 2885 1008 2946 Laid.
1023 2907 1050 2946 c.
1065 2885 1093 2943 l.
1105 2888 1126 2944 l.
1140 2905 1181 2943 rn.
1210 2883 1271 2942 Bas.
1289 2905 1315 2943 a.
1328 2883 1357 2945 3.
1367 2885 1397 2956 4.
1417 2905 1472 2946 nec
1489 2897 1653 2968 agnoscunt
1668 2888 1788 2948 Palatini
1806 2888 1835 2949 3.
1849 2891 1916 2962 bii.
1929 2892 1957 2951 8.
1969 2911 1998 2972 9.

602 3015 647 3054 so.
674 3013 719 3052 tt.
746 3012 791 3052 12.
813 2991 1011 3051 Commelian.
1029 2988 1199 3047 Perinde.
1220 2987 1278 3046 Erl.
1299 2989 1367 3071 Teg.
1388 2989 1457 3049 Tur.
1485 3011 1510 3049 1.
1532 3013 1572 3050 m.
1589 3011 1644 3051 aec.
1666 2990 1750 3051 Bern.
1775 3015 1801 3052 r.
1821 2993 1855 3054 id
1867 3013 1999 3076 comper-

598 3099 674 3149 tum.
691 3109 795 3150 ornnes
807 3086 871 3147 Bas.
885 3087 967 3147 Lcid.
986 3096 1015 3145 ct
1038 3082 1119 3145 houd
1138 3090 1227 3150 dubie
1244 3091 1360 3152 Grntcri
1381 3105 1410 3154 st
1424 3095 1527 3154 Wassii
1547 3095 1625 3154 libn'.
1654 3096 1738 3156 Paris.
1750 3117 1777 3156 a.
1793 3118 1819 3158 e.
1835 3097 1904 3158 Tur.
1929 3121 1954 3158 ι.
1971 3121 1998 3160 a.

598 3214 692 3276 coam.
703 3192 745 3254 id.
766 3192 851 3252 Bern.
868 3212 893 3252 1.
914 3211 1011 3270 wom-
1021 3192 1231 3256 omittunt.
1253 3217 1343 3276 qttam
1357 3197 1390 3258 id
1400 3198 1548 3279 οιᾰφαιιη.
1558 3199 1642 3260 Bsrn.
1656 3221 1681 3261 a.
1691 3221 1779 3280 quam
1793 3221 1830 3261 aa
1846 3203 1904 3263 hac
1920 3206 1998 3283 quod

598 3300 737 3378 cuiquam
761 3297 804 3358 id.
824 3295 910 3357 Bem-
921 3295 953 3358 3.

649 3422 723 3506 Cap.
743 3425 793 3489 15.
809 3424 985 3484 adadescm
1006 3423 1092 3484 Rern.
1106 3446 1133 3486 ι.
1154 3429 1290 3490 mnan
1307 3438 1401 3491 male.
1421 3430 1484 3490 has.
1498 3449 1525 3491 a.
1540 3429 1568 3492 3.
1583 3432 1611 3503 l.
1626 3432 1817 3494 omnssLeid.
1833 3445 1953 3518 excepto
1972 3459 1998 3498 c.

598 3531 651 3614 qni
667 3540 764 3590 tamen
780 3529 812 3587 in
827 3529 957 3610 margins
969 3524 1068 3587 babet.
1087 3532 1210 3610 plurimi
1231 3534 1324 3594 Cortii
1341 3535 1438 3596 Codd.
1470 3537 1553 3596 Paris.
1566 3535 1628 3596 bc.
1641 3536 1708 3597 ὼε.
1735 3537 1810 3621 Teg..
1828 3537 1897 3599 Tur.
1921 3562 1947 3600 ι.
1971 3562 1997 3600 a.

598 3634 684 3696 bern.
702 3655 727 3694 ι.
744 3654 772 3694 2.
791 3633 896 3693 adulto
905 3641 1001 3691 atate.
1018 3630 1080 3693 Bas.
1092 3654 1120 3693 1.
1137 3633 1241 3697 Vinnr.
1254 3657 1284 3698 a.
1300 3639 1397 3700 Senat.
1410 3662 1439 3701 ι.
1462 3640 1546 3706 Paria.
1564 3661 1591 3701 a.
1620 3641 1680 3701 Erl.
1701 3641 1785 3702 Barn.
1799 3641 1828 3704 3.
1853 3646 1998 3706 vomebat.

599 3739 661 3801 Bne
677 3760 702 3800 1.
723 3737 803 3800 Leid.
815 3737 845 3796 b.
858 3739 877 3797 f.
891 3737 918 3795 k.
928 3721 954 3796 l'.
970 3735 1071 3796 decem
1082 3736 1203 3800 Palatini
1224 3741 1370 3803 Commel.
1398 3741 1537 3804 trondet.
1559 3744 1657 3806 Pcmb.
1686 3746 1782 3807 Guell.
1799 3769 1823 3806 1.
1839 3768 1866 3808 a.
1880 3747 1951 3821 Μ.
1969 3751 1996 3810 3.

600 3845 630 3906 6.
645 3845 712 3927 7.8.
726 3864 772 3904 10.
793 3840 914 3904 Eccard.
933 3838 1039 3902 vinu.
1054 3851 1147 3923 uterq.
1162 3844 1221 3904 inc.
1235 3843 1260 3904 ι.
1280 3845 1376 3906 Sonat.
1390 3867 1415 3907 ι.
1435 3847 1521 3906 Rem.
1534 3869 1560 3908 a.
1581 3846 1670 3910 lead.
1681 3849 1765 3910 Paris.
1778 3872 1804 3911 c.
1816 3851 1847 3910 d.
1857 3872 1882 3912 e.
1903 3872 1997 3914 mo-

597 3948 656 4008 ltot.
672 3950 789 4029 aliquot
811 3943 889 4010 ltivii
906 3943 1002 4005 Codd.
1025 3943 1086 4004 Bas.
1099 3965 1126 4005 a.
1137 3947 1165 4016 3.
1187 3949 1273 4026 pauci
1286 3947 1379 4009 Cottii
1391 3949 1468 4009 libri.
1496 3955 1746 4031 moatwnfilt'um.
1766 3955 1836 4016 Tur.
1854 3977 1887 4020 a..
1910 3958 2002 4018 colos.

597 4053 638 4114 ita
651 4072 668 4112 a
679 4053 814 4113 Sallustio
827 4053 969 4132 scripturn
982 4050 1140 4112 confirmat
1154 4049 1238 4108 Prob.
1252 4050 1397 4116 Catholic-
1412 4075 1480 4138 pag.
1495 4057 1580 4138 1467.
1602 4057 1655 4118 Ed.
1677 4057 1791 4121 Putach.
1813 4063 1901 4121 etlam
1919 4061 1998 4144 Pop*

598 4175 650 4213 mn
665 4156 696 4213 i'n
712 4165 829 4237 mscrpt.
847 4156 968 4218 invenit.
989 4154 1087 4214 colora
1107 4153 1250 4232 aarum
1268 4155 1337 4221 Nea.
1351 4167 1380 4217 et
1391 4157 1536 4218 Commal.
1558 4164 1680 4242 plurimi
1694 4163 1814 4224 Palatia.
1835 4165 1997 4226 colonius.

597 4261 638 4321 ita
661 4260 784 4342 plurimi
801 4260 883 4320 leid.
904 4259 1004 4322 Baua.
1017 4257 1047 4322 3.
1056 4258 1085 4330 4.
1106 4256 1202 4322 Guels.
1221 4258 1250 4321 6.
1270 4263 1368 4343 plures
1378 4261 1482 4326 Wassii
1496 4263 1574 4325 libri.
1595 4265 1664 4327 Tur.
1680 4286 1707 4328 a.
1727 4268 1813 4330 Bern.
1832 4289 1857 4331 t.
1874 4289 1903 4330 a.
1916 4269 1998 4330 color
