4560 5338
597 449 717 524 ,¹

576 646 713 708 souma
732 643 777 696 ac
791 617 1092 729 flagitiosissuma
1114 612 1213 688 sacta
1231 611 1298 705 sit,
1323 607 1507 688 disserere
1546 608 1689 685 Urbem
1701 609 1876 699 Romam,
1892 609 2005 683 sicuti

603 771 672 850 ego
699 744 846 847 accepi,
872 741 1076 817 condidere
1104 754 1220 840 atque
1241 735 1411 810 habuere
1439 734 1552 810 initio
1565 733 1744 824 Troiani,
1778 733 1846 835 qui
1879 735 2005 810 Aenea

605 869 729 960 duce,
753 865 925 972 profugi,
950 863 1099 940 sedibus
1121 859 1274 935 incertis
1293 859 1557 964 vagabantur:
1590 883 1756 959 cumque
1783 855 1843 930 his
1869 858 2005 932 Abori-

605 993 731 1098 gines,
755 1015 872 1096 genus
893 987 1099 1062 hominum
1120 999 1276 1087 agreste,
1293 982 1375 1056 sine
1397 980 1562 1083 legibus,
1592 979 1675 1054 sine
1703 979 1879 1081 imperio,
1912 981 2007 1056 libe-

605 1144 694 1190 rum
718 1131 833 1216 atque
856 1113 1035 1192 solutum.
1071 1108 1122 1182 Hi
1146 1122 1350 1211 postquam
1365 1103 1405 1177 in
1430 1129 1510 1176 una
1528 1103 1671 1178 moenia
1695 1127 1914 1194 convenere,
1934 1104 2008 1179 dia-

604 1239 690 1342 pari
716 1263 871 1341 genere,
908 1233 1082 1309 dissimili
1104 1231 1254 1332 lingna,
1278 1226 1376 1300 alius
1398 1226 1473 1300 alio
1497 1251 1602 1297 more
1628 1223 1818 1299 virentes:
1844 1225 2007 1301 incredi-

600 1363 682 1435 bile
699 1374 913 1434 memoratu
932 1373 1000 1446 est,
1026 1380 1145 1456 quam
1161 1347 1272 1424 facile
1292 1345 1514 1423 coaluerint
1554 1346 1626 1421 Sed
1650 1364 1852 1450 postquam
1869 1375 1926 1424 res
1946 1377 2007 1426 eo-

602 1501 694 1560 rum
729 1483 890 1570 civibus,
923 1479 1110 1565 moribus,
1136 1472 1234 1577 agris
1258 1485 1388 1558 aucta,
1424 1469 1512 1542 satis
1536 1496 1715 1572 prospera
1737 1471 1903 1573 satisque
1925 1475 2009 1575 pol.

602 1607 686 1681 lens
707 1604 927 1696 videbatur3
950 1601 1062 1675 sicuti
1092 1597 1276 1699 pleraque
1305 1591 1529 1666 mortalium
1558 1589 1774 1682 habentur,
1799 1593 1944 1670 invidia
1964 1623 2009 1672 ex

606 1727 803 1834 opulentia
822 1742 905 1799 orta
926 1740 987 1798 est
1038 1721 1161 1823 Igitur
1180 1739 1282 1818 reges
1301 1714 1514 1818 populique
1537 1713 1706 1788 finitumi
1724 1715 1826 1790 bello
1850 1733 2011 1822 tempta·

606 1880 670 1926 re:
694 1849 809 1953 pauci
835 1875 880 1921 ex
900 1845 1031 1919 amicis
1051 1840 1195 1915 auxilio
1223 1861 1315 1926 esse,
1340 1862 1432 1910 nam
1451 1838 1565 1911 ceteri
1583 1836 1689 1912 metu
1710 1839 1874 1940 perculsi
1898 1869 1919 1915 a
1944 1870 2009 1947 pe-

607 1974 739 2050 riculis
763 1973 932 2044 aberant
983 1971 1034 2042 At
1059 1961 1222 2039 Romani
1259 1958 1362 2040 domi
1391 1960 1614 2062 militiaeque
1641 1961 1781 2034 intenti
1807 1962 2010 2057 festinare,

608 2122 764 2203 parare,
796 2094 894 2167 alius
927 2090 1049 2164 alium
1081 2086 1247 2172 hortari,
1280 2083 1452 2160 hostibus
1487 2083 1639 2158 obviam
1668 2083 1740 2172 ire,
1779 2083 2011 2179 libertatem,

609 2219 794 2326 patriam,
818 2232 1069 2322 parentesque
1087 2209 1202 2284 armis
1223 2227 1352 2314 tegere.
1379 2213 1482 2296 Post,
1506 2205 1573 2277 uhi
1586 2204 1756 2306 pericula
1769 2205 1910 2282 virtute
1923 2237 2011 2312 pro-

610 2343 809 2448 pulerant,
833 2340 942 2414 sociis
959 2353 1076 2438 atque
1093 2332 1225 2406 amicis
1242 2332 1385 2406 auxilia
1404 2326 1630 2432 portabant:
1656 2327 1849 2431 magisque
1861 2329 2012 2425 dandis,

609 2493 730 2568 quam
753 2461 990 2566 accipiundis
1014 2455 1208 2533 beneficiis
1231 2455 1416 2532 amicitias
1443 2450 1641 2554 parabant.
1689 2453 1900 2559 imperium
1922 2456 2012 2562 legi.

608 2567 783 2678 ttimum,
816 2612 958 2662 nomen
993 2578 1146 2692 imperii
1172 2581 1320 2690 regium
1343 2575 1563 2658 habebant:
1589 2573 1744 2664 delecti,
1770 2576 1910 2678 quibus
1931 2607 2013 2656 001.

608 2801 685 2892 pfl.
712 2829 757 2872 ro.
777 2827 823 2872 ιι.
845 2829 890 2871 12.
927 2807 1008 2870 Laid.
1028 2827 1068 2870 m.
1091 2828 1123 2872 n.
1147 2807 1299 2888 Angustia.
1333 2792 1528 2884 ciifneia.
1550 2802 1595 2860 rs.
1616 2810 1644 2861 et
1666 2821 1713 2865 21.
1739 2804 1826 2864 etiam
1849 2803 2014 2868 Putabo:

538 2901 542 2908 ¹
610 2923 731 2991 mscrpt.
752 2912 822 2970 addi
840 2912 944 2973 voluit.
963 2910 1165 2988 pulcherrimo
1185 2919 1272 2988 atque
1293 2907 1412 2987 optima.
1434 2907 1519 2969 Paris.
1533 2927 1558 2970 e.
1571 2905 1655 2970 bern.
1674 2927 1700 2971 r.
1719 2907 1789 2973 Tur.
1808 2928 1835 2972 2.
1853 2905 1932 2969 banc
1950 2913 2014 2973 lco-

608 3017 685 3076 tion.
699 3035 817 3095 quoque
833 3023 952 3093 mscrpt.
972 3013 1110 3074 Fscurial.
1126 3013 1259 3074 exhibere
1274 3013 1421 3075 ridentur.
1440 3011 1562 3090 pessimo
1575 3010 1855 3089 etflagitiosissr'ma.
1868 3013 1931 3079 Bas.
1948 3037 1975 3080 1.

676 3141 750 3223 Cap.
765 3143 793 3206 6.
814 3143 897 3208 siccat.
909 3141 968 3207 Erl.
981 3140 1060 3224 leg.
1075 3143 1172 3210 Turio,
1191 3163 1218 3209 r.
1239 3141 1273 3200 in
1289 3133 1479 3204 initio.'1aid.
1498 3161 1538 3204 m.
1557 3137 1587 3202 b.
1603 3141 1623 3202 l.
1636 3137 1668 3203 h.
1681 3138 1743 3204 Bas.
1760 3139 1788 3210 l.
1803 3141 1881 3206 Serv.
1894 3141 1966 3210 Aen.
1986 3169 2014 3227 7.

613 3249 663 3319 48.
681 3259 710 3306 et
732 3251 772 3307 ita
789 3250 952 3328 saepissime
973 3250 1020 3309 vel
1043 3249 1149 3330 optimi
1176 3247 1272 3312 codd.
1294 3245 1549 3308 incantantibus.
1568 3243 1649 3308 Laid.
1666 3267 1706 3308 m.
1723 3243 1861 3312 brondel.
1878 3245 1911 3312 L.
1929 3247 1963 3313 L.
1985 3248 2015 3316 3.

607 3351 699 3414 'Rern
721 3373 753 3426 ι..
767 3373 794 3414 2.
816 3351 968 3432 Angustia.
982 3351 1016 3416 C.
1028 3352 1066 3417 D.
1083 3353 1111 3418 3.
1130 3377 1158 3436 7.
1179 3373 1247 3414 eum
1264 3353 1310 3412 bis
1323 3351 1403 3416 Leid.
1416 3349 1446 3415 b.
1462 3353 1484 3415 l.
1505 3349 1580 3410 alius
1593 3349 1662 3413 alio.
1675 3348 1755 3414 leid.
1771 3349 1801 3415 d.
1812 3372 1839 3432 g.
1858 3339 2014 3421 Fabricii.

613 3452 699 3516 Rern.
716 3475 743 3517 α.
760 3455 827 3517 San.
845 3476 873 3517 2.
890 3456 952 3519 Bas.
969 3477 995 3520 1.
1014 3477 1056 3521 m.
1070 3479 1125 3521 sec.
1141 3458 1241 3522 Heuss.
1260 3459 1360 3522 Vinar.
1376 3468 1470 3537 uterq.
1487 3455 1584 3519 Guelf.
1604 3476 1629 3518 ι.
1641 3474 1669 3517 2.
1687 3455 1714 3517 5.
1733 3453 1801 3536 Teg.
1816 3456 1901 3522 Mart.
1915 3458 2015 3526 Pemb.

612 3567 678 3638 post
697 3558 868 3621 coaluerint.
885 3558 970 3636 Leid,
982 3559 1011 3624 d.
1023 3581 1051 3640 g.
1064 3561 1165 3625 Vinar.
1181 3581 1210 3626 2.
1225 3572 1254 3621 et
1268 3561 1345 3624 Edit.
1363 3573 1419 3625 ret.
1444 3560 1556 3634 Cortiir
1578 3561 1617 3618 ita
1635 3547 1717 3618 brevi
1736 3561 1896 3621 multitudo
1917 3563 2017 3628 direr-

613 3678 646 3722 sa
660 3672 747 3742 atque
764 3683 836 3743 vaga
856 3661 1014 3721 eoncordia
1040 3663 1139 3724 civius
1163 3665 1238 3725 farta
1262 3676 1332 3728 erat.
1351 3685 1407 3745 pro
1433 3673 1506 3729 erat.
1531 3663 1611 3728 Leid.
1630 3685 1659 3745 g.
1682 3673 1731 3727 est.
1761 3665 1870 3744 legibus
1890 3668 2019 3730 moritus

491 3798 495 3806 .
615 3767 697 3846 agris
709 3776 807 3831 macta.
821 3763 940 3848 August.
952 3764 996 3830 Ι(1.
1011 3767 1049 3831 D.
1069 3767 1098 3832 3.
1121 3787 1166 3833 ro.
1177 3769 1323 3844 finitumi.
1336 3768 1398 3831 Bas.
1418 3767 1447 3832 3.
1466 3767 1539 3827 bello
1560 3768 1624 3827 illos
1645 3775 1794 3848 temptare.
1811 3769 1892 3834 Laid.
1909 3791 1949 3837 m.
1971 3793 2020 3835 tos

615 3880 738 3934 tentare.
751 3869 871 3952 August.
884 3867 919 3935 C.
927 3869 964 3934 D.
974 3869 1003 3933 3.
1022 3891 1067 3935 ro.
1089 3872 1207 3952 reptare.
1221 3873 1283 3938 llas.
1299 3893 1324 3936 ι.
1338 3872 1435 3936 Turis.
1450 3871 1560 3932 1.Bem
1577 3893 1603 3936 1.
1618 3871 1646 3936 3.
1661 3872 1747 3952 longe
1757 3873 1888 3939 aberant
1898 3868 2019 3960 August.

616 3975 652 4039 C.
668 3975 706 4041 D.
727 3974 756 4039 3.
775 3996 820 4039 ιο.
853 3973 1070 4038 adversantibus
1092 3977 1231 4036 omnibus
1254 3977 1351 4044 Codd.
1378 3977 1513 4059 perculsi.
1539 3997 1641 4037 omues
1658 3976 1739 4036 Laid.
1756 3979 1778 4036 f.
1796 3988 1825 4037 et
1837 4001 1866 4061 g.
1882 3982 2017 4062 exceptis.

619 4079 681 4138 Bu.
701 4100 727 4144 ι.
742 4099 770 4144 2.
787 4079 855 4162 Teg.
869 4079 930 4142 Erl.
948 4079 1017 4144 Tur.
1036 4101 1061 4143 ι.
1076 4100 1105 4146 2.
1124 4079 1211 4146 Bern.
1229 4103 1255 4146 1.
1267 4081 1296 4147 3.
1318 4082 1438 4149 Eccard.
1454 4083 1611 4144 confirmat
1625 4101 1743 4163 quoquo
1762 4081 1823 4146 Bas.
1838 4083 1868 4154 4.
1882 4086 1934 4164 qui
1944 4107 2020 4165 pro-

617 4181 705 4262 patri.
723 4183 860 4262 percussi.
875 4183 956 4254 leid.
969 4185 990 4248 s.
1003 4183 1100 4250 Guelf.
1121 4185 1152 4256 l.
1175 4206 1222 4250 ιο.
1234 4187 1329 4252 saur.
1345 4188 1408 4251 llas.
1430 4187 1459 4250 3.
1473 4187 1728 4261 hauserat).
1753 4185 1847 4246 armas
1856 4199 2018 4269 protegen.

619 4287 701 4376 quod
717 4297 786 4349 ante
799 4288 939 4355 Ciaccon.
953 4292 986 4352 in
1001 4301 1079 4352 textu
1097 4301 1173 4372 arat,
1184 4289 1296 4356 habent
1309 4292 1390 4358 laid.
1402 4293 1430 4359 k
1440 4291 1538 4356 Guell'.
1550 4314 1575 4353 ι.
1596 4291 1700 4352 amict's
1711 4291 1778 4352 suis.
1788 4289 1870 4351 Leia.
1884 4289 1915 4359 lt.
1936 4294 2020 4354 occi·
