4560 5338
1634 455 1694 556 571

276 628 434 712 illorum
455 661 544 732 esse3
568 638 634 715 sed
654 625 828 744 plerique
848 637 1026 716 mortales
1042 629 1230 744 postrema
1243 632 1468 728 meminere,
1492 637 1531 711 et
1550 635 1592 711 in
1610 633 1683 712 ho·

275 755 445 834 minibus
463 761 589 865 impiis
606 764 752 840 sceleris
769 791 902 841 eorum
917 763 1027 839 obliti
1042 764 1089 838 de
1102 790 1218 867 poeno
1235 753 1440 852 disserunt,
1456 761 1488 836 si
1503 785 1546 836 ea
1571 759 1683 865 paul-

274 875 312 951 lo
331 883 496 959 severior
518 884 602 960 fnit
637 889 684 962 D.
702 888 903 978 Silanum,
925 889 1052 963 virum
1078 888 1215 964 fortem
1236 904 1351 990 atque
1369 902 1591 975 strenuum,
1604 887 1694 962 oen'

277 1014 313 1074 te
339 1005 441 1095 scio,
466 1033 554 1109 ques
573 1007 733 1101 dixerit,
754 1011 880 1086 studio
909 1012 1131 1115 reipublicae
1165 1012 1318 1101 dixisse,
1344 1036 1469 1112 neque
1497 1009 1611 1084 illum
1639 1007 1687 1086 in

277 1139 383 1201 tanta
422 1155 463 1204 re
499 1133 660 1235 gratiam
689 1152 757 1210 aut
791 1137 1010 1211 inimicitias
1041 1163 1238 1225 exercere3
1272 1122 1333 1211 eos
1370 1125 1492 1208 mores
1521 1133 1683 1235 eamque

275 1249 498 1327 modestiam
513 1256 587 1330 viri
604 1260 771 1362 cognovi.
822 1263 967 1335 Verum
979 1259 1167 1334 sententia
1184 1259 1264 1334 eius
1282 1257 1379 1332 mihi
1400 1285 1482 1332 non
1495 1255 1681 1348 crudelis,

274 1372 370 1474 quid
387 1379 493 1452 enim
511 1379 553 1456 in
569 1381 655 1456 talis
675 1381 849 1458 homines
877 1384 1031 1459 crudele
1054 1383 1136 1458 lieri
1152 1387 1303 1486 potest?
1327 1381 1392 1456 sed
1425 1381 1549 1455 aliena
1578 1406 1600 1454 a
1623 1405 1683 1455 re·

272 1496 428 1596 publica
452 1518 580 1577 nostra
599 1504 761 1580 videtur.
807 1507 905 1582 Nam
932 1507 1101 1609 profecto
1132 1523 1201 1580 aut
1217 1493 1360 1592 metus,
1385 1519 1453 1577 eut
1478 1502 1622 1576 iniuria
1645 1517 1682 1576 te

272 1621 434 1726 subegit,
459 1625 587 1700 Silone
600 1685 610 1716 ‚
625 1629 828 1704 Consulem
844 1631 1100 1733 designatum,
1117 1653 1235 1732 genus
1251 1652 1376 1731 poenae
1395 1652 1540 1700 novum
1554 1625 1682 1699 decer-

274 1771 370 1819 nere.
416 1747 475 1821 De
495 1750 630 1825 timore
648 1777 974 1855 supervacaneum
995 1771 1050 1828 est
1067 1743 1262 1841 disserere,
1289 1777 1411 1852 quum
1428 1747 1604 1853 praesenti
1620 1745 1679 1821 di-

272 1865 425 1971 ligentia
442 1872 654 1950 clarissumi
676 1877 749 1952 viri
775 1875 949 1952 Consulis
978 1891 1084 1950 tants
1107 1874 1280 1979 praesidia
1298 1876 1376 1948 sint
1399 1871 1584 1947 inarmis.
1619 1873 1679 1946 De

273 2015 387 2092 poena
410 2022 607 2098 possumus
629 2001 809 2103 equidem
828 2001 953 2076 dicere
971 2000 1031 2089 id,
1057 1999 1162 2102 quod
1184 2025 1240 2074 ree
1263 1985 1407 2072 babet:
1436 1997 1476 2070 in
1493 1996 1603 2070 luctu
1623 2011 1679 2068 nt-

274 2141 349 2215 que
368 2120 526 2196 miseriis
558 2139 719 2198 mortem
749 2149 1009 2199 aerumnarum
1035 2123 1204 2226 requiem
1240 2148 1318 2196 non
1348 2121 1560 2195 cruciatum
1582 2145 1677 2209 esse,

274 2265 357 2314 eam
383 2261 523 2318 cuncte
545 2247 768 2321 mortalium
789 2248 890 2320 mala
915 2247 1133 2322 dissolvere:
1159 2245 1260 2319 ultro
1283 2271 1409 2348 neque
1432 2269 1534 2318 eurae
1553 2241 1689 2345 ¹neque¹

270 2365 410 2466 gaudio
434 2367 564 2442 locum
593 2391 677 2446 esse.
728 2369 821 2459 Sed,
848 2397 916 2472 per
950 2371 1037 2444 deos
1066 2370 1321 2445 immortalis!
1359 2367 1609 2470 quamobrem
1638 2366 1681 2439 in

269 2490 497 2566 sententiam
517 2519 597 2566 non
621 2493 820 2582 addidisti,
845 2493 904 2565 uti
921 2492 1027 2594 prius
1047 2491 1265 2566 verberibus
1288 2492 1330 2564 in
1353 2517 1414 2565 eos
1437 2489 1689 2568 animadvor·.

272 2615 442 2686 teretur?
468 2639 536 2703 nn,
562 2614 653 2716 quia
675 2614 736 2688 lex
756 2614 887 2688 Porcia
907 2617 1037 2689 vetat?
1054 2630 1094 2686 nt
1114 2612 1198 2686 aliae
1216 2614 1314 2716 leges
1335 2613 1426 2687 item
1448 2612 1681 2688 condemna·

270 2732 317 2807 tis
344 2733 488 2809 civibus
508 2763 589 2811 non
610 2736 780 2812 animam
801 2735 918 2840 eripi,
940 2735 1004 2812 sed
1026 2735 1185 2810 exilium
1210 2735 1383 2840 permitti
1402 2735 1545 2808 iubent.
1597 2736 1680 2822 An,

269 2857 360 2955 quia
388 2858 538 2960 gravius
566 2875 621 2935 est
644 2859 834 2936 verberari
860 2887 979 2963 quam
1007 2859 1171 2936 necari?
1201 2858 1298 2961 qnid
1325 2875 1454 2964 autem
1478 2847 1681 2946 acerbum,

269 3053 336 3113 mie.
353 3054 450 3115 Gnell.
464 3055 489 3116 5.
505 3055 555 3114 Ac.
576 3075 695 3135 mmque
717 3057 890 3119 modestiam
902 3061 971 3124 viri.
987 3079 1040 3138 que
1056 3079 1118 3118 om.
1137 3058 1197 3117 inc.
1217 3078 1243 3118 2.
1266 3057 1362 3118 Strur.
1386 3055 1544 3117 Guelf.12.
1565 3035 1680 3113 αἰίἱάτ-

267 3179 323 3235 que
341 3179 405 3218 eom
420 3160 478 3220 Eri.
499 3169 586 3240 atque
599 3163 720 3222 modest.
733 3163 814 3224 Leid.
825 3162 857 3222 h.
879 3162 1093 3224 sententiosum
1107 3161 1402 3224 mibinonorudelis.
1424 3160 1483 3218 etius
1501 3178 1562 3215 om.
1580 3157 1679 3216 Guell.

269 3283 296 3327 2.
309 3263 375 3327 Eoo.
388 3265 455 3326 vin.
466 3285 493 3324 r.
509 3285 572 3325 non
585 3265 661 3325 mibi
674 3267 800 3326 erutlelis
809 3264 906 3326 Guell.
917 3269 945 3326 6.
959 3288 1004 3326 ιο.
1019 3267 1080 3338 alii,
1093 3265 1155 3323 Bes.
1169 3263 1198 3329 3.
1210 3264 1297 3324 Bern.
1311 3285 1339 3324 2.
1351 3267 1379 3325 3.
1392 3273 1446 3338 est,
1457 3281 1528 3338 esse,
1539 3261 1683 3322 vedentur

267 3367 381 3427 addunt
397 3369 492 3432 Strnv.
510 3371 700 3434 ine.Vin.1.
717 3370 802 3430 Rem.
815 3391 840 3429 1.
861 3369 924 3428 Bas.
935 3389 961 3428 α.
974 3370 1002 3439 Δ.
1024 3367 1121 3428 Guell.
1133 3369 1164 3428 6.
1175 3389 1203 3450 7.
1225 3368 1310 3428 Bem.
1324 3388 1352 3432 2.
1374 3365 1540 3440 teSilbme,
1559 3368 1678 3447 subegit,

268 3490 347 3531 cous.
362 3473 452 3553 cwig.
473 3473 535 3534 Bes.
554 3494 808 3556 nemorosorum
824 3483 864 3534 est
892 3473 956 3533 Bas.
967 3495 996 3534 2.
1015 3473 1085 3534 vin.
1099 3495 1126 3533 ι.
1144 3473 1283 3555 presenti
1299 3472 1453 3553 diligentia
1472 3471 1534 3532 Bes.
1553 3493 1578 3533 r.
1599 3484 1681 3536 retus

269 3575 394 3637 Putsehii
411 3577 490 3638 Cod.
504 3580 667 3658 presertim
683 3581 779 3638 ceteri.
796 3599 947 3659 possumus
966 3579 1100 3660 equidem
1120 3599 1222 3640 omnes
1236 3581 1293 3639 fere
1306 3581 1395 3642 Palat.
1422 3576 1519 3642 Guelf.
1534 3579 1561 3637 5.
1579 3578 1607 3638 6.
1628 3579 1680 3638 olii

268 3682 365 3760 penei.
386 3681 468 3740 Leid.
482 3681 513 3746 d.
525 3703 550 3743 e.
565 3705 605 3742 m.
618 3704 652 3747 n.
671 3683 732 3742 Bas.
743 3682 772 3742 3.
794 3683 910 3762 quidem
921 3703 1071 3764 possumus
1082 3679 1141 3748 Erl.
1163 3683 1452 3763 equidempossumru
1465 3680 1535 3740 Tur.
1551 3703 1575 3740 ι.
1591 3681 1677 3745 Bern.

272 3805 297 3843 ι.
315 3805 432 3862 possum
447 3789 534 3868 longe
548 3791 626 3868 plur.
648 3787 680 3846 in
699 3786 840 3848 sententio
856 3807 918 3847 nou
934 3791 988 3846 od.
1000 3786 1097 3848 Guell.
1113 3768 1142 3846 '5.
1155 3789 1251 3849 Struv.
1266 3787 1398 3846 Leidm.
1418 3786 1451 3845 in
1467 3786 1535 3846 esd.
1547 3784 1682 3865 permitti

269 3890 400 3972 quinque
421 3888 548 3956 Gruteri.
569 3891 672 3956 Bosa.
692 3892 762 3954 Vin.
781 3914 808 3951 ι.
829 3893 925 3954 Strnr.
956 3893 1054 3953 Guell'.
1077 3913 1103 3958 ι,
1120 3905 1149 3963 Δ.
1170 3915 1198 3974 7.
1214 3895 1242 3952 8.
1265 3893 1324 3951 ino.
1345 3913 1374 3956 2.
1393 3891 1461 3952 Eoo.
1483 3909 1588 3954 mooe.
1609 3887 1695 3970 Teg.

267 3993 335 4052 Tur.
350 4015 375 4053 ι.
390 4015 494 4056 πωοσ.
508 4016 571 4056 non
581 3996 715 4055 onirnom
727 3995 803 4077 eripi
812 3997 875 4061 Bas.
888 3997 953 4058 nt.
968 3997 1038 4058 Tur.
1055 4018 1080 4057 1.
1096 4018 1122 4057 α.
1138 3997 1224 4062 Bern.
1238 3995 1513 4057 1.3.tet‹1.d.e.t.
1528 4013 1589 4052 non
1602 4013 1679 4073 prse-

268 4109 386 4176 ponunt
405 4100 508 4173 etiam,
527 4099 577 4159 sod
589 4100 684 4160 ortam
701 4103 803 4183 legunt
821 4099 903 4161 Leid.
920 4121 947 4162 es
966 4103 988 4161 i.
1008 4101 1093 4162 ilem.
1106 4121 1133 4160 2.
1160 4099 1220 4159 llas.
1233 4121 1260 4164 2.
1271 4101 1300 4170 Δ.
1327 4098 1461 4157 antinum
1478 4099 1679 4160 adverteretur

268 4199 352 4261 Rern.
367 4223 393 4262 2.
422 4223 533 4264 maes.
562 4203 650 4265 nimis
667 4225 760 4284 grave
781 4215 832 4267 ost.
852 4215 892 4267 est
912 4211 1012 4268 locum
1035 4216 1129 4266 mutet
1149 4203 1181 4264 iu
1205 4205 1304 4262 Guell.
1323 4214 1351 4274 t.
1372 4201 1432 4261 ino.
1448 4223 1475 4263 2.
1493 4204 1612 4284 grom'us
1628 4213 1687 4266 est·

1226 4335 1250 4403 8
