4560 5338
400 547 537 626 Omnis
560 542 754 643 homino,
788 547 859 654 qui
884 565 959 627 sese
983 548 1142 629 student
1163 549 1341 661 prestare
1367 548 1509 628 ceteris
1535 550 1714 632 animali-

300 671 393 764 bus,
415 699 566 752 summa
599 701 672 782 ope
701 674 777 754 niti
797 673 922 768 decet,
957 702 1008 754 nc
1027 675 1147 753 vitam
1177 676 1329 754 silentio
1355 691 1570 768 transeant,
1591 677 1715 756 veluti

297 816 746 903 pecora,q1menatura
775 828 898 907 prona
929 818 1046 906 atque
1079 799 1203 878 ventri
1229 802 1443 878 obedientia
1471 801 1593 877 finxit.
1641 801 1714 878 Sed

300 938 430 998 nostra
451 925 575 1000 omnis
593 925 705 1002 visin
728 926 858 1002 animo
874 942 912 1002 et
930 952 1087 1032 corpore
1107 927 1178 1002 sita
1202 942 1273 1002 est:
1299 927 1420 1002 animi
1436 925 1615 1031 imperio,
1632 953 1714 1001 cor-

300 1047 404 1148 poris
420 1047 572 1125 servitio
592 1051 710 1156 magis
726 1050 892 1146 utimur,
917 1051 1081 1128 alterum
1103 1051 1213 1126 nobis
1235 1078 1325 1127 cum
1344 1051 1419 1142 dis,
1441 1051 1607 1154 alterum
1623 1075 1714 1132 cum

300 1167 438 1246 belluis
468 1199 672 1250 commune
701 1190 763 1250 est
816 1174 905 1273 Quo
930 1171 1029 1250 mibi
1053 1175 1192 1252 rectius
1221 1175 1437 1267 videtur,
1426 1175 1571 1280 ingenii
1597 1201 1716 1278 quam

302 1292 445 1371 virium
466 1297 603 1401 opibus
623 1297 783 1403 gloriam
806 1322 991 1401 quaerere,
1008 1315 1063 1390 et,
1091 1299 1277 1400 quoniam
1291 1299 1368 1374 vita
1387 1299 1486 1403 ipsa,
1516 1325 1594 1400 qua
1619 1296 1717 1373 frui

306 1443 417 1507 mur,
441 1419 564 1496 brevis
583 1438 655 1513 est,
680 1422 904 1498 memoriam
924 1423 1044 1498 nostri
1057 1449 1175 1525 quam
1193 1449 1371 1530 maxume
1391 1421 1546 1527 longam
1558 1423 1714 1496 efficere.

302 1539 399 1615 Nam
422 1541 646 1624 divitiarum
675 1561 713 1620 et
736 1547 868 1622 sormae
895 1547 1015 1650 gloria
1047 1546 1152 1621 fluxa
1179 1563 1295 1648 aque
1319 1544 1465 1650 fragilis
1488 1561 1560 1638 est;
1595 1545 1716 1619 virtus

304 1662 406 1740 clara
428 1682 646 1772 eternaque
663 1667 836 1746 habetur.
882 1668 955 1746 Sed
975 1669 1046 1744 diu
1071 1696 1257 1774 magnum
1278 1669 1379 1743 inter
1398 1666 1570 1741 mortalis
1595 1683 1715 1740 certa·

303 1789 501 1886 mensuit,
526 1791 615 1868 vine
636 1793 804 1896 corporis
827 1820 878 1869 an
898 1793 1040 1870 virtute
1061 1793 1182 1867 animi
1201 1817 1258 1868 res
1277 1790 1454 1866 militaris
1485 1788 1603 1894 magis
1626 1815 1715 1893 pro·

304 1911 460 2006 cederet.
496 1915 597 1991 Nam
626 1931 683 2006 et,
705 1916 813 2020 prius
835 1943 954 2020 quam
979 1915 1161 2020 incipias,
1186 1914 1379 2006 consulto,
1404 1930 1460 2005 ct,
1484 1913 1554 1988 ubi
1579 1937 1715 1998 consue

305 2034 440 2128 lucris,
468 2054 620 2114 mature
642 2040 743 2116 facto
764 2066 859 2144 opus
882 2057 944 2118 est
979 2043 1037 2114 Ita
1055 2057 1265 2142 utrumque
1283 2063 1405 2142 perse
1419 2036 1609 2142 indigens,
1624 2037 1717 2112 alte·

303 2186 392 2236 rum
411 2158 567 2238 alterius
595 2164 738 2239 auxilio
757 2180 847 2270 eget.
881 2165 1005 2269 Igitur
1028 2163 1141 2238 initio
1170 2164 1283 2267 Reges
1317 2161 1433 2257 (nam
1452 2161 1494 2236 in
1514 2159 1621 2235 terris
1640 2186 1709 2235 no·
1724 2168 1743 2207 ²

181 2356 188 2367 .
303 2311 393 2364 men
417 2285 568 2390 imperii
592 2286 633 2362 id
648 2289 820 2393 primum
845 2288 963 2388 fuit),
1000 2287 1159 2376 divorsi,
1191 2311 1280 2390 pars
1299 2285 1516 2390 ingenium,
1538 2283 1605 2357 alii
1630 2309 1715 2358 cor-

304 2435 376 2513 pus
405 2411 649 2487 exercebant:
673 2411 790 2487 etiam
809 2427 894 2487 tum
919 2412 997 2486 vita
1026 2411 1233 2486 hominum
1250 2411 1332 2485 sine
1360 2408 1573 2513 cupiditate
1596 2406 1714 2512 agita·
1765 2449 1768 2456 ’

302 2533 445 2625 batur,
476 2561 545 2611 sua
577 2539 718 2642 cuique
744 2536 833 2610 satis
866 2535 1079 2640 placebant
1137 2535 1267 2607 Postea
1292 2557 1380 2608 vero
1409 2557 1527 2633 quam
1558 2531 1600 2604 in
1626 2531 1713 2606 Asia

371 2735 445 2817 Cup.
458 2758 485 2797 r.
517 2731 728 2794 animantibus.
751 2734 813 2792 bas.
825 2733 854 2804 4.
875 2732 955 2792 Leid.
975 2732 1003 2790 k.
1015 2733 1129 2812 aliquot
1140 2730 1226 2792 Paris.
1249 2728 1346 2787 Gucll'.
1366 2751 1393 2810 7.
1409 2749 1438 2807 9.
1458 2747 1503 2784 12.
1521 2723 1714 2804 uterquells-

306 2863 396 2904 mons.
412 2836 473 2903 inc.
495 2863 520 2901 1.
540 2861 618 2899 unus
636 2841 750 2902 Wassii.
773 2859 809 2897 nc
822 2839 926 2898 vitam.
954 2857 1057 2897 omncs
1083 2836 1145 2894 Bas.
1171 2833 1255 2893 Bern.
1273 2829 1370 2893 Turic.
1387 2827 1605 2890 Leid.-Cottii
1625 2829 1714 2888 lectio

304 2969 339 3009 cx
358 2942 456 3009 Gucll.
480 2949 508 3007 5.
527 2966 672 3026 expressa,
694 2967 783 3026 quam
800 2945 900 3004 nescio
921 2964 960 3003 an
971 2943 1089 3024 Erlang.
1100 2941 1221 3023 Tegern.
1238 2950 1268 2998 ct
1285 2938 1402 2997 Parisin.
1423 2936 1609 2996 confirment.
1625 2941 1715 2993 trau·

304 3053 412 3134 sigoni.
436 3053 541 3112 Markii
559 3064 588 3116 r.
613 3071 654 3108 m.
674 3070 719 3130 pr.
737 3060 857 3131 mscrpt.
876 3048 953 3110 bivii
981 3059 1008 3108 ct
1023 3047 1156 3107 Beroald.
1178 3055 1280 3106 nostra
1303 3043 1348 3104 vis
1366 3037 1471 3102 omnis.
1492 3037 1556 3098 Lib.
1579 3037 1619 3098 11.
1640 3039 1713 3120 Reg.

308 3156 406 3220 Psmb.
427 3156 485 3218 silo
503 3165 553 3216 cst.
569 3175 672 3215 omncs
691 3155 768 3215 libri.
790 3155 857 3214 dib.
874 3173 976 3213 omnes
990 3152 1043 3212 lib.
1065 3151 1162 3211 belriu.
1179 3149 1260 3208 Leid.
1278 3171 1304 3207 a.
1319 3148 1349 3206 b.
1371 3170 1399 3207 c.
1423 3145 1452 3203 d.
1473 3167 1502 3227 g.
1522 3145 1543 3201 i.
1559 3143 1587 3200 k.
1606 3145 1627 3200 l.
1649 3142 1712 3201 Bas.

309 3285 336 3324 1.
358 3259 755 3324 sem.1.roctiusvidctur.
777 3259 839 3318 Bas.
863 3259 892 3319 3.
915 3257 1013 3317 Gucrf.
1038 3256 1067 3315 6.
1087 3265 1208 3334 uterque
1225 3253 1311 3310 Rem.
1336 3252 1395 3309 inc.
1421 3270 1446 3306 1.
1461 3247 1577 3328 Regius.
1597 3243 1712 3306 rectius.

305 3369 384 3431 abus
410 3391 426 3430 a
448 3378 535 3448 mspt.
555 3365 698 3441 Putschii,
720 3363 821 3424 melius
842 3361 931 3421 habet
949 3359 1057 3419 Colon.
1080 3357 1236 3417 Palmcrius
1255 3355 1311 3436 legi
1329 3354 1432 3431 jussit:
1454 3371 1511 3430 quo
1534 3349 1611 3408 mihi
1628 3349 1714 3411 vids-

306 3485 366 3536 tur.
387 3473 457 3534 Esse
468 3472 595 3533 nudetur.
613 3471 746 3544 Patruini,
762 3479 905 3548 quantum
918 3467 986 3527 licet
998 3469 1169 3542 conjectare.
1190 3460 1257 3519 Tur.
1283 3480 1307 3518 1.
1329 3479 1356 3518 2.
1375 3457 1460 3517 Bern.
1478 3479 1504 3516 ι.
1521 3477 1549 3515 2.
1562 3455 1591 3516 3.
1603 3455 1665 3514 Bas.
1682 3475 1711 3516 ι.

308 3583 336 3652 3.
358 3580 477 3640 Murio.
510 3576 628 3637 vidtur
643 3594 708 3636 csse.
729 3573 810 3632 Leid.
831 3571 861 3631 d.
880 3565 900 3629 f.
917 3593 946 3653 g.
965 3568 997 3629 h.
1019 3571 1040 3628 i.
1059 3569 1087 3627 k.
1109 3571 1129 3626 l.
1148 3567 1209 3626 Bas.
1235 3586 1260 3624 ι.
1283 3564 1376 3624 Mark.
1400 3577 1429 3629 Γ.
1458 3562 1556 3622 Gucll'.
1578 3581 1608 3621 a.
1629 3561 1658 3620 3.
1681 3560 1712 3632 l.

315 3707 362 3746 ιο.
379 3705 425 3746 12.
446 3686 506 3744 inc.
524 3703 553 3741 2.
573 3683 674 3742 Vinar.
698 3689 791 3760 uterq.
808 3675 928 3736 Eccard.
952 3673 1037 3734 Febr.
1056 3695 1083 3732 r.
1099 3671 1187 3732 Acad.
1206 3673 1265 3731 Erl.
1278 3671 1345 3752 Teg.
1358 3667 1484 3748 fragilis
1496 3676 1545 3728 est.
1562 3675 1603 3726 cst
1620 3665 1713 3724 omil-

306 3801 373 3852 tunt
387 3789 449 3850 bas.
467 3810 492 3848 ι.
507 3809 534 3849 2.
552 3798 581 3848 ct
596 3785 682 3845 Fabr.
698 3785 785 3845 nivii.
797 3786 927 3843 retinent
943 3781 1005 3840 Bas.
1028 3779 1057 3840 3.
1072 3779 1101 3850 4.
1120 3798 1222 3839 omncs
1236 3777 1316 3837 Leid.
1336 3775 1419 3833 Paris.
1445 3773 1504 3833 Erl.
1521 3771 1590 3851 Tcg.
1610 3769 1708 3829 llario.

312 3917 338 3956 r.
354 3916 383 3957 a.
408 3895 494 3955 Bem.
517 3916 542 3953 1.
568 3915 596 3953 a.
615 3893 644 3953 3.
667 3891 789 3970 indiget.
816 3889 895 3953 Leid.
918 3889 938 3947 f.
956 3889 977 3946 i.
997 3887 1026 3946 k.
1049 3886 1107 3944 Erl.
1131 3885 1215 3943 Paris.
1228 3905 1254 3942 e.
1276 3883 1402 3959 indeget.
1418 3877 1498 3937 leid.
1516 3897 1558 3935 m.
1576 3881 1709 3952 unguor.

309 3999 429 4076 laide,
446 4010 537 4080 vaget.
555 3999 638 4060 inv.
666 3997 716 4056 lib.
736 3999 793 4078 legi
811 3994 1017 4055 animadvertit
1038 3991 1158 4050 Palmcr.
1184 3988 1289 4069 quibus
1311 3985 1446 4045 accedere
1462 3981 1599 4043 ridentur
1626 3973 1709 4036 laid.

309 4113 331 4172 l.
343 4127 369 4168 o.
386 4110 407 4168 l'.
427 4106 478 4166 scd
493 4106 580 4166 ceteri
598 4124 698 4162 omnes
717 4101 797 4160 Leid.
811 4100 873 4160 Bas.
885 4101 969 4159 Bcrn.
984 4098 1080 4157 Turio.
1103 4095 1200 4155 Guelf.
1220 4094 1327 4154 Wassii·
1338 4100 1409 4171 egel.

374 4211 447 4294 Cap.
462 4233 489 4271 2.
511 4210 691 4269 etiamtum.
709 4209 748 4266 ita
762 4216 824 4286 opt.
846 4205 933 4266 codd.
950 4223 1052 4263 omues
1063 4201 1144 4260 Leid.
1163 4200 1225 4258 Bas.
1242 4197 1327 4256 Bern.
1350 4215 1378 4252 2.
1399 4191 1427 4251 3.
1449 4189 1545 4250 Turio.
1566 4209 1591 4247 ι.
1609 4207 1649 4247 m.
1666 4206 1715 4267 pr,

297 4320 397 4384 ,Turis
416 4340 444 4380 a.
459 4315 612 4400 Augustis.
628 4312 663 4371 C.
673 4313 710 4371 D.
728 4313 781 4370 III.
801 4333 845 4370 ιο.
868 4311 950 4370 urbes
965 4308 1106 4368 notiones.
1123 4305 1186 4364 Bas.
1201 4323 1227 4362 ι.
1242 4310 1337 4378 atquc.
1352 4320 1379 4357 a.
1398 4317 1438 4354 m.
1453 4317 1508 4356 sec.
1524 4301 1715 4374 expunctum·

1329 4403 1345 4435 s
