4582 5320
1640 463 1687 540 97

285 661 325 713 so
347 633 559 727 accidisset,
582 661 647 712 vos
665 635 929 742 implorarem,
953 634 1080 712 Patres
1104 632 1328 742 conscripti,
1355 637 1495 743 quihus
1516 665 1587 745 pro
1611 667 1692 717 ma·

285 761 486 866 gnitudine
514 760 664 864 imperii
689 760 749 834 ius
771 777 809 834 et
834 758 994 833 iniurias
1024 761 1147 834 omnis
1169 787 1269 836 curae
1307 789 1383 838 esse
1413 763 1528 838 decet
1579 765 1693 842 Nunc

285 911 372 959 vero
393 885 497 960 exsul
514 884 661 988 patria,
686 883 819 973 domo,
836 883 937 956 solus
960 898 1078 986 atque
1099 884 1274 958 omnium
1295 883 1546 962 honestarum
1563 913 1693 966 rerum

283 1033 409 1114 egens,
425 1036 503 1111 quo
522 1009 718 1098 accedam,
737 1024 806 1082 aut
825 1031 920 1108 quos
937 1004 1151 1108 adpellem?
1175 1007 1399 1084 nationesne
1417 1031 1468 1084 an
1487 1035 1605 1115 reges,
1623 1012 1694 1115 qui

286 1157 414 1206 omnes
437 1131 592 1206 familiar
611 1148 748 1216 nostrae
769 1130 818 1204 ob
837 1143 999 1205 vestram
1017 1129 1227 1204 amicitiam
1247 1130 1374 1207 infesti
1393 1136 1512 1208 eunti
1538 1161 1587 1208 an
1599 1160 1694 1236 quo-

286 1281 404 1356 quam
430 1253 526 1329 mihi
554 1255 662 1330 adire
690 1254 804 1342 licet,
829 1253 899 1327 ubi
923 1279 1006 1327 non
1029 1253 1220 1327 maiorum
1245 1279 1418 1330 meorum
1436 1254 1589 1330 hostilia
1612 1283 1693 1334 mo-

287 1396 472 1452 numenta
491 1355 664 1481 plurima
678 1378 780 1452 sinti
805 1393 874 1450 aut
899 1377 1104 1479 quisquam
1129 1376 1248 1450 nostri
1273 1378 1439 1452 misereri
1457 1383 1598 1483 potest,
1622 1382 1691 1482 qui
1792 1449 1794 1460 ,

286 1500 496 1603 aliquando
519 1501 623 1575 vobis
643 1495 761 1574 bostis
788 1499 888 1575 fuit?
913 1503 1103 1574 Postremo
1120 1497 1313 1574 Masinissa
1336 1527 1405 1575 nos
1428 1500 1480 1574 ita
1506 1501 1691 1592 instituit,

287 1625 412 1700 Patres
431 1615 658 1727 conscripti,
684 1649 733 1697 ne
758 1649 874 1724 quem
892 1623 1118 1713 coleremus,
1142 1621 1216 1696 nisi
1243 1623 1434 1726 populum
1457 1625 1692 1716 Romanum,

288 1773 336 1820 ne
357 1748 568 1837 societates,
593 1773 643 1820 ne
664 1744 807 1819 loedero
827 1770 924 1818 nova
943 1745 1227 1848 acciperemus:
1253 1747 1408 1822 abunde
1429 1772 1567 1852 magna
1595 1773 1704 1861 proc--

284 1869 381 1944 'sidia
398 1872 509 1945 nobis
534 1871 575 1943 in
595 1885 714 1942 vestra
739 1867 906 1941 amicitia
928 1866 1032 1941 fore:
1064 1869 1095 1942 si
1117 1866 1212 1942 huic
1241 1869 1402 1972 imperio
1425 1870 1580 1945 fortuna
1606 1898 1691 1946 mu·

288 2007 448 2086 uretur,
473 2021 551 2069 una
579 1991 832 2067 occidendum
857 1989 967 2064 nobis
1000 1991 1084 2064 csse.
1134 1989 1288 2088 Virtute
1320 2019 1365 2066 ac
1395 1991 1452 2067 dis
1476 1992 1691 2069 volentibus

289 2117 418 2222 magni
440 2118 524 2192 ostis
547 2133 585 2190 et
602 2113 798 2220 opulenti,
828 2113 957 2187 omnia
983 2113 1149 2188 secunda
1176 2130 1214 2188 et
1241 2115 1456 2190 obedientia
1479 2132 1570 2190 sunt
1578 2149 1589 2211 3
1613 2145 1691 2220 quo

290 2238 438 2316 facilius
463 2240 654 2317 sociorum
678 2237 838 2310 iniurias
863 2263 999 2312 curare
1024 2237 1122 2311 licet.
1162 2239 1332 2311 Tantum
1354 2237 1453 2312 illud
1472 2264 1617 2330 vereor,
1642 2268 1692 2318 ne

291 2387 384 2466 quos
404 2365 553 2468 privata
575 2361 742 2436 amicitia
761 2357 975 2462 Iugurthae,
992 2387 1132 2463 parum
1151 2361 1318 2465 cognita,
1339 2375 1568 2438 transvorsos
1584 2381 1691 2470 agat,

291 2513 385 2589 quos
408 2514 476 2593 ogo
497 2486 612 2562 audio
634 2509 813 2559 maxuma
832 2507 904 2584 ope
927 2482 1019 2571 niti,
1043 2482 1207 2572 ambire,
1231 2482 1389 2586 fatigare
1414 2510 1478 2559 vos
1508 2486 1690 2591 singulos,

291 2635 339 2684 ne
364 2611 461 2714 quid
480 2610 528 2685 de
546 2609 718 2696 absente,
742 2603 934 2709 incognita
960 2629 1106 2694 caussa,
1130 2605 1329 2679 statuatis:
1364 2605 1504 2712 fingere
1523 2634 1584 2683 me
1612 2635 1693 2685 ver-

289 2732 338 2808 ba
370 2749 410 2810 et
427 2733 559 2839 fugam
584 2731 783 2820 simulare,
808 2727 871 2802 cui
893 2727 1046 2802 licuerit
1066 2727 1109 2801 in
1130 2751 1246 2831 regno
1267 2755 1431 2805 manere.
1482 2731 1599 2828 Quod
1617 2735 1692 2808 uti.

291 2857 529 2949 camillum,
555 2856 664 2931 cuius
688 2853 807 2957 impio
829 2851 998 2926 facinore
1020 2849 1062 2924 in
1089 2848 1158 2925 has
1178 2851 1344 2928 miserias
1368 2853 1558 2956 proiectus
1589 2879 1692 2948 sum,

291 3055 320 3114 k.
341 3055 460 3116 llerscb.
482 3055 543 3116 Bas.
556 3056 585 3127 l.
604 3055 729 3116 ch.1.
747 3048 906 3132 propinqui
915 3049 1004 3110 ceteri
1016 3049 1075 3110 mci
1085 3049 1147 3109 alio
1162 3051 1247 3111 clads
1263 3052 1389 3132 oppressi
1408 3052 1488 3112 Vrat.
1508 3074 1533 3112 ι.
1553 3062 1622 3113 sont
1640 3053 1695 3112 ob-

291 3157 361 3219 iecti
376 3159 489 3221 Febris.
506 3183 531 3220 ι.
553 3169 621 3220 sunt
641 3158 718 3219 delet
733 3157 815 3220 leid.
828 3177 855 3216 c.
875 3154 969 3216 clausi
982 3155 1106 3215 tamiris
1125 3153 1222 3214 Guett.
1235 3155 1264 3216 3.
1286 3166 1381 3215 morte
1395 3156 1528 3236 graviori
1541 3156 1635 3216 vitam
1645 3176 1692 3217 se.

292 3263 389 3326 Gnsll.
403 3266 430 3325 5.
452 3264 565 3326 Fabric.
579 3283 607 3324 a.
628 3261 717 3324 salsi
730 3261 832 3322 omnia
851 3260 932 3319 Leid.
951 3281 978 3324 a.
993 3281 1035 3318 m.
1066 3259 1141 3318 moli
1151 3258 1247 3322 occid.
1269 3257 1344 3316 moli
1357 3279 1418 3324 om.
1438 3259 1505 3320 Ecc.
1526 3269 1612 3338 atquc
1627 3281 1696 3321 om-

292 3368 374 3429 nium
393 3368 456 3433 Βιι.
470 3387 496 3433 ι.
508 3369 536 3441 A.
557 3371 597 3428 ita
615 3369 736 3430 Havsrc.
752 3364 853 3426 edidit
874 3365 942 3424 Tur.
972 3364 1056 3422 Bern.
1074 3384 1098 3422 ι.
1112 3367 1139 3425 3.
1153 3362 1182 3433 l.
1209 3382 1280 3442 quos
1293 3365 1434 3422 occsdom
1455 3372 1580 3445 quatuor
1593 3383 1696 3425 mecn-

293 3475 378 3534 tiores
394 3495 443 3554 cp.
465 3473 546 3538 Cort.
567 3484 619 3532 ιιιιι
630 3469 869 3551 quem'ndpcllcm
890 3467 986 3526 Guett.
1001 3469 1029 3526 5.
1049 3466 1162 3528 Fabric.
1176 3487 1203 3526 ι.
1225 3465 1403 3527 nationesne.
1424 3487 1462 3526 nc
1481 3487 1542 3527 om.
1557 3466 1653 3530 Gustt
1665 3491 1695 3551 9.

271 3636 276 3644 ,
297 3599 342 3643 ιο.
355 3600 401 3638 ιι.
421 3587 473 3639 out
486 3599 565 3658 reges
585 3577 698 3637 Febris.
714 3597 739 3635 1.
759 3575 854 3635 Stmv.
876 3571 972 3636 Goell.
984 3572 1014 3631 6.
1033 3571 1102 3636 vin.
1118 3592 1147 3631 a.
1167 3570 1236 3654 Τις.
1255 3570 1325 3632 Τιιι.
1345 3571 1430 3631 Bam.
1443 3571 1473 3632 3.
1494 3592 1537 3632 on
1550 3593 1696 3652 quoquam

294 3681 472 3743 miltiadirs.
492 3692 545 3743 out
564 3683 648 3742 licm.
664 3703 690 3740 t.
711 3678 807 3739 Gnett.
821 3696 849 3743 ι.
870 3697 978 3742 mccc.
1005 3695 1134 3755 ottonom
1162 3676 1259 3741 ouett.
1275 3677 1302 3736 5.
1323 3676 1437 3738 Febris.
1451 3698 1478 3743 ι.
1511 3697 1592 3737 mon.
1613 3679 1693 3758 plur.

294 3788 362 3848 sint.
383 3808 514 3848 momen.
535 3807 596 3846 om.
616 3785 701 3849 Fabr.
720 3804 746 3842 ι.
766 3792 834 3844 sunt
854 3781 951 3841 Guelf.
964 3782 992 3841 5.
1020 3781 1081 3840 inc.
1098 3802 1124 3846 ι.
1145 3779 1229 3840 Bem.
1244 3802 1270 3841 ι.
1285 3781 1315 3842 3.
1341 3792 1410 3842 sunt
1429 3802 1490 3841 om.
1505 3781 1605 3839 llcuss.
1626 3781 1694 3840 Son.

294 3914 323 3954 ι.
344 3901 395 3952 ant
408 3892 498 3971 qrusq.
518 3893 559 3951 sic
572 3892 712 3954 meliores.
733 3908 775 3948 an
795 3888 891 3947 ceteri.
911 3905 1013 3946 omnes
1026 3885 1140 3946 Wassii.
1160 3887 1351 3963 natsosdsro
1369 3885 1454 3945 Bom-
1466 3885 1495 3955 k.
1516 3883 1611 3945 occid.
1628 3903 1694 3944 cssc.

292 4007 361 4060 mot
380 3997 476 4058 Guelf.
490 3997 517 4058 5.
530 3998 604 4073 fors
621 3995 701 4058 Vrat.
716 4015 742 4052 r.
762 3992 859 4053 Guell.
874 4012 919 4050 ιο.
939 3989 1019 4050 leid.
1032 3989 1060 4048 l.
1082 3998 1159 4049 unus
1167 3989 1282 4056 Wassii.
1303 3989 1387 4051 Bern.
1408 4013 1433 4050 ι.
1454 3989 1696 4053 veritatatem

291 4101 360 4183 Tog.
388 4101 450 4162 Bas.
468 4122 494 4160 ι.
508 4099 537 4170 l.
566 4101 606 4159 ita
619 4100 693 4161 Har.
708 4097 810 4158 edidit.
830 4095 914 4156 Bem.
926 4095 956 4156 ὅ.
967 4095 997 4165 4.
1018 4113 1075 4154 csse
1094 4114 1156 4152 om.
1172 4113 1249 4152 unus
1264 4095 1378 4156 Wassii.
1399 4094 1508 4156 virtue
1518 4103 1616 4154 vestro
1635 4095 1695 4161 nt.

293 4205 354 4266 ou.
367 4205 397 4276 l.
417 4205 465 4266 dri
483 4203 567 4267 Febr.
582 4223 608 4262 2.
630 4201 728 4262 Gucll.
744 4223 769 4261 ι.
785 4202 813 4266 3.
830 4203 858 4260 5.
869 4201 899 4261 6.
919 4199 979 4259 Erl.
998 4198 1061 4258 Bas.
1079 4219 1104 4257 ι.
1118 4197 1147 4267 4.
1168 4206 1196 4256 st
1214 4197 1360 4262 obedient.
1380 4207 1481 4258 dom.
1499 4197 1559 4258 Erl.
1580 4217 1696 4263 ιιιιιιιιιιι

295 4325 347 4393 ops
359 4309 417 4370 ru'ti
433 4309 518 4371 Rem.
531 4329 557 4368 ι.
577 4309 637 4368 inc.
655 4328 680 4366 ι.
702 4305 783 4368 teto.
798 4306 825 4365 l.
838 4325 869 4366 ιι.
890 4305 975 4365 Bam.
988 4323 1016 4364 ι.
1034 4299 1258 4379 stfitgomst'm.
1277 4311 1306 4362 st
1326 4321 1387 4364 cm.
1407 4302 1520 4372 Febris.
1532 4323 1560 4368 ι.
1575 4303 1695 4375 Vnam.

1254 4425 1298 4498 13
