4582 5320
642 371 692 448 70

640 524 762 618 ditus,
789 523 833 602 in
854 521 943 628 fuga
966 537 1195 626 sequeretur.
1233 521 1304 598 Sed
1331 522 1516 614 Catilina,
1545 537 1747 628 postquam
1772 521 1875 598 videt
1905 521 2043 598 monti·

640 651 713 728 bus
730 666 847 753 atque
866 647 984 751 copiis
1005 646 1174 724 hostium
1192 671 1268 723 sese
1293 647 1487 740 claretum,
1513 648 1556 723 in
1578 647 1675 723 urbe
1694 672 1750 722 res
1772 645 1965 738 adversas,
1980 671 2043 722 ne·

641 800 717 879 que
741 773 856 878 fuget,
890 795 1014 874 neque
1037 770 1203 876 praesidii
1224 769 1347 846 ullam
1368 795 1491 876 spem3
1525 788 1728 876 optumum
1751 769 1897 846 facum
1917 786 2042 859 ratus,

642 899 686 974 in
712 896 781 972 tali
808 921 850 971 re
871 893 1070 970 fortunam
1093 895 1186 972 belli
1220 911 1424 998 temptare,
1458 896 1593 970 statuit
1624 922 1712 971 cum
1738 893 1907 969 Antonio
1929 921 2043 997 quam

643 1021 814 1124 primum
828 1018 1039 1124 confligere.
1082 1022 1233 1120 Itaque,
1254 1018 1439 1094 concione
1457 1017 1653 1108 advocate,
1678 1015 1942 1093 huiuscemodi
1964 1043 2043 1092 ora-

645 1143 789 1218 tionem
806 1140 954 1215 habuit.

599 1269 636 1330 58
749 1267 1024 1366 „Compertum
1044 1287 1111 1366 ego
1139 1261 1285 1353 habeo,
1311 1263 1469 1352 milites,
1495 1263 1608 1338 verba
1633 1263 1814 1338 virtutem
1833 1289 1913 1338 non
1936 1261 2046 1337 adde·

650 1413 710 1480 re;
733 1413 859 1490 neque
879 1413 925 1461 ex
953 1387 1088 1490 ignavo
1111 1403 1331 1477 strenuum,
1362 1413 1486 1488 neque
1519 1386 1657 1460 fortem
1678 1412 1723 1460 ex
1747 1386 1882 1460 timido
1910 1387 2047 1460 exerci-

650 1527 735 1586 tum
757 1509 929 1586 oratione
951 1509 1189 1613 imperatoris
1214 1509 1311 1584 fieri.
1350 1509 1506 1604 Quanta
1533 1509 1716 1609 cuiusque
1738 1509 1867 1584 animo
1892 1509 2046 1584 audacia

651 1652 809 1724 natura,
838 1651 906 1708 aut
923 1634 1092 1706 moribus
1118 1632 1234 1720 inest,
1259 1646 1366 1704 tanta
1391 1632 1431 1704 in
1449 1631 1549 1706 bello
1565 1648 1693 1734 patere
1714 1633 1825 1725 solet3
1850 1659 1966 1735 quem
1987 1659 2047 1706 ne·

613 1819 617 1834 ,
644 1785 722 1860 que
745 1756 882 1862 glorie,
908 1781 1033 1858 neque
1053 1753 1223 1858 pericula
1248 1753 1434 1841 excitant,
1460 1755 1718 1855 nequicquam
1735 1753 1910 1830 hortere:
1938 1757 2048 1832 timor

645 1879 766 1954 animi
790 1878 947 1952 auribus
973 1875 1113 1951 obficit
1167 1875 1240 1950 Sed
1260 1901 1327 1980 ego
1344 1902 1425 1963 vos,
1450 1902 1528 1977 quo
1547 1903 1670 1979 pauco
1695 1905 1908 1967 monerem,
1941 1879 2049 1952 advo-

646 2003 748 2095 cavi3
772 2000 888 2076 simul
921 2000 980 2074 uti
1007 2023 1176 2075 caussam
1203 1997 1277 2072 mei
1308 1998 1456 2071 consilii
1492 1999 1686 2101 aperirem.
1721 2001 1829 2075 Scitis
1854 2001 2049 2102 equidem,

646 2124 806 2213 milites,
832 2123 1003 2198 socordia
1027 2138 1141 2224 atque
1161 2121 1309 2225 ignavia
1329 2121 1481 2194 Lentuli
1505 2137 1692 2224 quantam
1711 2123 1782 2225 ipsi
1809 2123 1956 2199 cladem
1986 2151 2049 2196 no-

647 2247 781 2348 bisque
800 2244 992 2336 attulerit3
1016 2269 1171 2346 quoque
1198 2243 1331 2332 m0d0‚
1359 2243 1453 2320 dum
1477 2271 1523 2318 ex
1545 2245 1640 2318 urbe
1662 2245 1834 2349 praesidia
1854 2247 2050 2350 opperior,

647 2371 690 2445 in
714 2368 885 2443 Galliam
904 2366 1092 2470 proficisci
1118 2365 1361 2469 nequiverim.
1400 2367 1511 2444 Nunc
1529 2393 1615 2441 vero
1632 2393 1709 2470 quc
1725 2366 1765 2442 in
1793 2367 1876 2443 loco
1895 2395 1952 2444 res
1971 2395 2051 2444 nos-

641 2507 715 2570 ‚trae
731 2493 825 2580 sint,
850 2491 959 2566 iuxta
982 2516 1133 2568 mecum
1153 2515 1282 2565 omnes
1304 2486 1529 2596 intellegitis.
1554 2491 1748 2566 Exercitus
1769 2490 1938 2568 hostium
1963 2492 2049 2579 duo,

640 2743 689 2780 an.
700 2740 746 2802 pr.
761 2731 791 2780 et
801 2741 856 2800 pro
872 2722 950 2784 veria
965 2720 1090 2779 lectione
1110 2717 1195 2777 Febr.
1209 2737 1234 2776 2.
1256 2717 1376 2796 insuga
1396 2699 1477 2777 Leid.
1493 2719 1512 2780 f.
1529 2719 1588 2776 lt.'l.
1602 2739 1641 2776 m.
1663 2716 1724 2782 Bas.
1744 2739 1767 2777 r.
1778 2717 1806 2790 4.
1827 2719 1911 2779 llem.
1926 2739 1951 2785 2.
1973 2719 2051 2780 Febr.

648 2835 743 2905 uterq.
770 2824 838 2886 vin.
851 2844 878 2883 2.
912 2822 1015 2882 Franc.
1036 2821 1103 2882 Ecc.
1125 2820 1225 2880 Heuss.
1247 2819 1344 2880 Guell.
1365 2843 1389 2880 ι.
1404 2823 1431 2885 5.
1448 2843 1492 2881 ιο.
1509 2843 1554 2880 ιι.
1577 2822 1693 2881 Gruteri
1713 2825 1859 2897 meliores,
1881 2825 1942 2883 duo
1955 2825 2052 2884 Wassii

650 2927 736 2988 Prisc.
753 2931 775 2986 l.
791 2929 812 2985 l.
853 2925 950 2987 Turis.
970 2947 995 2984 r.
1010 2946 1037 2985 2.
1070 2924 1103 2983 in
1119 2925 1234 3004 fitgam
1255 2926 1352 2986 ceteri.
1385 2935 1476 3005 postq.
1494 2925 1571 2986 visit
1598 2925 1738 2991 (inette.
1767 2925 1884 2993 Tune.
1912 2928 1975 2988 vid.
1998 2951 2053 2990 om.

597 3027 600 3032 ¹
643 3030 796 3097 Commel.
826 3041 886 3112 opt.
900 3031 1023 3109 sactum
1043 3029 1094 3090 dc.
1116 3028 1293 3109 Guell.5.9.
1312 3048 1357 3088 m.

712 3159 786 3241 Cup.
804 3161 852 3220 58.
885 3169 1066 3238 compertum
1088 3157 1179 3217 babeo
1199 3168 1325 3238 quatuor
1341 3155 1434 3217 Cottii
1450 3158 1536 3230 libri,
1559 3159 1620 3219 Bas.
1638 3165 1666 3224 ὅ.
1687 3161 1767 3221 Leid.
1789 3162 1816 3220 k.
1836 3185 1876 3226 m.
1897 3161 1975 3222 Rivii
1992 3163 2053 3222 Mes.

650 3263 769 3324 Gruteri
787 3265 855 3323 libri
869 3275 898 3324 et
913 3275 969 3324 tres
980 3264 1093 3325 Wassii.
1112 3260 1201 3322 verbu
1216 3261 1297 3320 viris.
1318 3261 1391 3320 viris
1407 3261 1551 3322 abiiciunt
1566 3263 1631 3324 Ece.
1654 3275 1746 3346 uterq.
1763 3267 1828 3330 inc.
1850 3265 1934 3324 Febr.
1956 3284 2055 3326 omnes

646 3369 738 3431 [Puris.
760 3385 862 3426 omnes
874 3369 955 3428 Leid.
979 3369 1092 3447 (preter
1108 3367 1149 3447 g.)
1176 3364 1227 3425 Ac.
1248 3365 1310 3426 Bes.
1327 3386 1351 3425 ι.
1364 3364 1392 3426 3.
1403 3367 1431 3436 4.
1452 3367 1519 3432 Sen.
1535 3389 1559 3428 1.
1582 3369 1605 3426 F
1607 3389 1685 3429 rane.
1708 3369 1804 3434 Guell.
1821 3391 1846 3430 2.
1859 3369 1888 3430 ὅ.
1899 3371 1926 3430 5.
1939 3392 1968 3452 9.
1993 3391 2057 3450 sep-

652 3481 712 3530 tem
720 3468 824 3529 Wassii
831 3469 909 3528 libri.
921 3469 990 3530 Tur.
1004 3491 1034 3532 .1.
1049 3489 1076 3528 2.
1097 3467 1182 3527 Bern.
1198 3469 1259 3539 ι.4.
1270 3469 1328 3530 mci
1334 3469 1450 3530 camilli
1460 3468 1522 3529 Bas.
1537 3491 1561 3530 1.
1573 3491 1598 3532 2.
1611 3471 1680 3534 Tur.
1694 3494 1719 3532 r.
1730 3473 1813 3534 Bern.
1830 3497 1854 3534 ι.
1868 3475 1899 3535 3.
1909 3476 1938 3544 4.
1959 3493 2057 3534 omnes

651 3573 734 3634 Leid.
755 3571 851 3632 nostri
888 3572 952 3633 Bes.
973 3579 999 3635 3.
1041 3571 1192 3632 consmet'
1215 3570 1284 3631 Tur.
1297 3592 1324 3632 2.
1365 3583 1477 3651 quanta
1494 3577 1596 3654 cuique
1636 3575 1732 3638 Guelf.
1747 3581 1772 3643 5.
1805 3579 1905 3639 Basa.
1932 3599 1989 3658 m.
2006 3599 2058 3641 sec.

650 3677 721 3762 Teg.
743 3676 835 3738 Mark.
851 3690 880 3744 r.
901 3675 1061 3738 boeotiam
1076 3677 1108 3738 in
1132 3674 1229 3740 Guelf.
1248 3697 1277 3757 9.
1299 3675 1412 3741 Fabric.
1431 3699 1456 3736 1.
1476 3679 1571 3740 Struv.
1593 3681 1688 3741 Senat.
1702 3703 1730 3742 2.
1752 3684 1851 3743 Heuss.
1873 3687 1966 3766 legere
1984 3686 2058 3742 lieet.

650 3780 840 3864 requiquam.
862 3782 931 3865 Teg.
952 3781 1036 3843 Bem.
1054 3781 1083 3852 4.
1098 3781 1144 3842 ita
1161 3780 1266 3860 passim
1283 3779 1342 3839 alii.
1365 3781 1486 3842 hortare
1507 3781 1603 3844 Guell.
1621 3806 1647 3844 ι.
1662 3788 1690 3852 6.
1706 3789 1734 3848 8.
1752 3810 1780 3868 9.
1803 3786 1894 3848 lead.
1915 3790 2017 3848 incert.
2033 3807 2057 3846 2.

648 3889 758 3950 Franc.
779 3885 841 3946 llas.
851 3887 880 3959 4.
902 3885 1020 3946 hortari
1038 3883 1122 3946 Bem.
1136 3904 1163 3944 2.
1186 3884 1317 3944 horteris
1336 3883 1459 3947 Bem.5.
1480 3886 1575 3963 obficit
1596 3888 1692 3951 Guelr.
1708 3894 1735 3958 5.
1755 3914 1807 3953 vos
1823 3894 1899 3952 delet
1917 3891 2015 3954 Guell.
2031 3891 2058 3962 4.

655 3987 797 4064 Ρειὶιιῑ.4.Δ
820 3993 1014 4052 admonerem
1032 3987 1095 4052 Bne.
1116 4008 1142 4074 2.
1163 3987 1267 4048 Fraus.
1291 3985 1387 4048 Gaell.
1402 3989 1429 4048 5.
1451 3989 1569 4050 Comm.
1590 3993 1681 4054 Mark.
1696 4009 1725 4061 r.
1748 4007 1888 4074 quantam
1908 3996 1971 4075 ipsi.
1996 3995 2060 4075 ipsis

652 4093 742 4161 rur.
758 4117 786 4161 2.
805 4095 861 4157 sur
880 4095 984 4160 smne.
1004 4094 1067 4154 sae
1084 4097 1111 4158 3.
1132 4093 1214 4152 reta.
1232 4092 1262 4151 a.
1278 4094 1298 4152 r.
1318 4092 1409 4153 sutae
1428 4094 1509 4154 notu
1529 4096 1589 4160 inc.
1607 4117 1633 4157 2.
1663 4099 1717 4179 su
1730 4071 1864 4180 noseq'u
1891 4101 1970 4160 aaa.
1992 4098 2058 4182 reg.

650 4199 1134 4282 Bem.1.2.5.4.2itallavcrc.
1160 4197 1253 4260 edidit
1276 4217 1331 4260 nec
1347 4207 1449 4260 contm
1467 4220 1601 4281 pugnare
1625 4203 1761 4266 videntur
1782 4204 1864 4266 Leid.
1892 4224 1950 4288 quo
1973 4205 2059 4264 modo
