4570 5316
1652 394 1716 488 i61

314 611 402 662 rum
439 610 497 661 res
531 582 700 688 fidesque
726 579 767 658 in
795 581 973 658 manibus
996 579 1077 658 sitae
1099 565 1230 674 erant,
1254 565 1398 661 ¹relictis
1425 585 1622 691 operibus,
1649 591 1725 668 fre-

312 725 543 814 quentarent
565 708 757 796 Marium,
787 723 825 780 et
841 731 909 781 sua
935 706 1140 782 necessaria
1165 723 1250 811 post
1269 708 1373 784 illius
1405 709 1593 787 honorem
1610 714 1725 791 duce-

310 849 404 909 rent
441 836 516 923 Ita,
541 829 714 935 perculsa
736 829 954 921 nobilitate,
979 846 1064 933 post
1091 831 1232 905 inultas
1265 847 1501 935 tempestatas
1529 862 1628 912 novo
1650 836 1720 913 ho·

308 957 405 1032 mini
428 956 648 1032 consulatus
676 954 902 1048 mandatum
926 967 965 1028 et
987 964 1115 1058 postea
1147 955 1315 1058 populus
1348 957 1565 1032 aTribuno
1598 958 1719 1063 plebis

306 1079 453 1156 Manlio
480 1079 663 1154 Mancino
692 1093 859 1183 rogatus,
885 1101 1001 1188 quem
1023 1077 1138 1176 vellet
1164 1103 1255 1152 cum
1272 1077 1460 1183 Iugurtha
1484 1079 1632 1156 bellum
1655 1110 1716 1187 ge-

308 1206 414 1280 reoei
447 1202 624 1305 frequens
651 1202 821 1278 Marium
846 1199 961 1275 iussit
1000 1199 1073 1276 Sed
1101 1187 1264 1277 'Senatus
1286 1203 1419 1305 paullo
1440 1219 1530 1280 ante
1560 1206 1715 1282 Metello

306 1327 521 1404 decreverat
539 1347 622 1402 zea·
635 1325 862 1404 resfuutra'
877 1323 962 1401 fuit
999 1324 1144 1401 Eodem
1169 1341 1338 1429 tempore
1350 1326 1553 1431 Iugurtha,
1573 1329 1713 1405 amissis
1724 1341 1761 1422 74

307 1451 643 1555 amicissquorum
659 1449 959 1554 plerosque‘ipse
989 1465 1212 1540 necaverat,
1234 1449 1347 1525 ceteri
1370 1438 1602 1558 formidine,
1625 1479 1713 1556 pars

306 1575 356 1651 ad
372 1576 577 1664 Romanos,
601 1573 667 1648 alii
695 1573 745 1648 ad
773 1599 898 1678 regem
923 1572 1117 1647 Bocchum
1142 1561 1407 1676 profligarent,
1433 1602 1556 1676 quum
1586 1603 1712 1678 neque

307 1698 452 1772 bellum
473 1697 561 1802 geri·
577 1697 658 1771 sine
689 1695 922 1772 administris
946 1711 1084 1798 posset,
1110 1707 1362 1772 et'novorum
1389 1697 1504 1773 fidem
1533 1698 1575 1772 in
1604 1715 1710 1773 tanta

305 1818 464 1923 perfidia
491 1835 664 1896 veterum
691 1817 854 1924 experiri
882 1820 1141 1921 periculosum
1171 1821 1352 1909 duceret,
1378 1821 1504 1896 varius
1529 1821 1711 1898 incertus-

306 1969 381 2044 que
411 1943 635 2046 agitabatur.
678 1943 809 2043 Neque
838 1940 897 2014 illi
924 1967 999 2032 res,
1022 1969 1148 2045 neque
1176 1943 1379 2018 consilium
1406 1959 1475 2018 aut
1506 1945 1709 2046 quisquam

305 2051 509 2141 hominum
524 2066 611 2140 satis
632 2063 826 2167 placebat:
843 2061 979 2137 itinera
999 2063 1271 2166 praefectosque
1288 2064 1331 2138 in
1348 2065 1427 2140 dies
1447 2082 1613 2142 mutare:
1630 2096 1710 2144 mo-

306 2189 355 2264 do
381 2189 583 2265 advorsum
607 2185 750 2276 hostes,
787 2185 983 2261 interdum
1016 2185 1059 2260 in
1084 2186 1307 2263 solitudines
1339 2213 1519 2292 pergere:
1543 2215 1640 2294 saepe
1667 2194 1732 2268 in*

305 2383 364 2444 Sed
381 2392 497 2444 sanatus
510 2381 600 2462 paulo
615 2391 684 2441 unta
700 2379 818 2439 Metalla
836 2377 1014 2440 Numidiam
1029 2381 1205 2441 decreuerat.
1227 2379 1288 2440 hacc
1303 2389 1345 2440 est
1362 2383 1479 2462 vulgata
1494 2385 1581 2443 lectio
1586 2424 1598 2455 ,
1618 2407 1716 2466 quam·

305 2491 398 2549 etiam*
409 2489 525 2559 Rivius,
552 2485 707 2554 Gruterus,
729 2480 855 2543 Wassius
876 2484 1067 2542 retinuerunt.
1095 2483 1220 2543 Numid.
1237 2483 1354 2544 Metalla
1383 2477 1446 2544 Bas.
1467 2485 1496 2552 l.
1531 2486 1707 2549 Numidiam

301 2591 486 2675 provinciam
506 2585 688 2670 pltucsEdit.
707 2583 766 2647 inc.
778 2608 805 2646 a.
826 2586 910 2646 Rem.
922 2606 948 2645 ι.
967 2587 1048 2645 Vrat.
1060 2608 1086 2647 ι.
1108 2586 1206 2646 Gucll.
1217 2588 1245 2645 6.
1258 2609 1287 2666 9.
1300 2608 1347 2647 ιο.
1359 2607 1404 2646 ιι.
1426 2591 1516 2647 Palat.
1532 2589 1559 2648 5.
1570 2591 1598 2650 8.
1620 2596 1706 2653 ceteri

303 2699 380 2760 varic
391 2695 519 2758 turbant.
538 2689 620 2774 prov.
634 2692 725 2752 Num.
746 2691 805 2750 Erl.
825 2690 984 2770 sadpaullo
995 2691 1287 2752 decreverotsencttu
1306 2691 1392 2750 Bam.
1408 2691 1437 2750 3.
1457 2694 1509 2751 sad
1524 2713 1584 2752 san.
1604 2699 1705 2774 paullo
1736 2743 1739 2750 .

304 2803 386 2864 dacio
400 2805 480 2862 decr.
502 2799 615 2861 Fabric.
636 2795 734 2857 Gucll.
746 2816 771 2860 ι.
791 2794 860 2876 Teg.
878 2793 977 2856 Turio.
997 2795 1038 2886 ita
1055 2806 1084 2855 at
1100 2793 1197 2878 Guall.
1210 2816 1238 2855 ι.
1265 2797 1372 2878 isvcro
1386 2805 1420 2854 ut
1436 2795 1534 2856 Gucll.
1545 2818 1572 2857 a.
1599 2797 1661 2860 Bas.
1676 2824 1702 2862 1.
1738 2849 1741 2856 .

303 2909 403 2968 llcuss.
420 2907 505 2970 Ram.
518 2925 545 2966 n.
565 2912 682 2965 sousa
697 2902 804 2960 omisit.
823 2901 884 2960 sed.
898 2918 958 2960 san.
975 2899 1076 2979 paullo
1089 2901 1170 2959 decr.
1189 2901 1263 2960 Vin.
1277 2920 1302 2958 1.
1322 2901 1362 2958 ita
1374 2910 1403 2959 et
1415 2900 1482 2960 Son.
1496 2921 1524 2961 a.
1552 2903 1601 2962 sed
1615 2907 1705 2983 paul-
1739 2949 1743 2958 .

303 3013 364 3074 lum
373 3013 457 3094 legit,
472 3005 657 3070 caumata
672 3007 757 3066 Ram.
770 3003 870 3065 auset
886 3023 945 3063 sen.
961 3004 1062 3084 paullo
1079 2993 1146 3084 pasl
1164 3003 1311 3064 Commel.
1330 3005 1381 3064 aad
1394 3003 1495 3083 paullo
1515 3016 1585 3066 ants
1599 3007 1705 3070 Matal-

302 3119 364 3177 lum
382 3119 550 3178 decrwmat
568 3113 664 3172 Struv.
685 3110 770 3169 Besa.
787 3131 811 3168 1.
837 3111 888 3169 sad
901 3109 1002 3189 paullo
1021 3111 1101 3168 decr.
1122 3108 1183 3166 Bas.
1200 3130 1226 3166 ι.
1246 3108 1314 3202 Nat.
1336 3128 1430 3188 impr.
1451 3112 1501 3169 alii
1518 3121 1703 3177 tantummo-

303 3223 343 3282 do
359 3221 454 3305 pa'ucs
474 3217 561 3283 rerba
580 3227 610 3276 at
626 3211 893 3296 quidem'maxime
917 3222 1033 3274 samus
1053 3221 1081 3272 ct
1100 3211 1276 3272 Numidiam
1291 3222 1497 3292 transponunt.
1525 3215 1703 3280 Numidiam

301 3347 362 3386 am.
380 3345 415 3385 ex
429 3323 547 3383 Gruteri
563 3319 645 3380 libris
662 3318 763 3378 Naias.
783 3316 931 3377 Commal.
952 3317 1038 3377 Palat.
1051 3315 1079 3376 3.
1090 3317 1118 3386 d.
1129 3317 1158 3375 6.
1169 3339 1196 3397 7.
1206 3337 1236 3397 9.
1247 3318 1444 3392 snutraerat
1463 3317 1547 3378 Fabi.
1568 3319 1638 3380 Tur.

384 3445 520 3532 Cap-'74
541 3449 671 3509 Bocoum
688 3446 768 3506 Vrat.
782 3465 808 3504 2.
829 3446 924 3506 Strui.
944 3443 1033 3505 lead.
1062 3444 1159 3504 Guelf.
1178 3465 1206 3505 ι.
1237 3464 1433 3525 novorumque
1456 3449 1497 3507 sic
1511 3445 1651 3510 Grutems
1668 3473 1704 3511 ex

302 3557 507 3639 antiquissimis
520 3553 641 3644 Havcrc.
657 3548 884 3610 adsentientibus
901 3547 1039 3650 omnibus
1054 3549 1112 3609 sera
1129 3548 1211 3608 Laid.
1232 3557 1260 3608 ei
1277 3569 1419 3610 matarum
1439 3571 1542 3611 omues
1558 3555 1615 3614 sere
1625 3553 1705 3614 Cor·

303 3665 346 3736 tii,
366 3661 446 3721 Leid.
462 3681 488 3723 c.
507 3657 612 3720 Waaii
628 3654 707 3726 libri,
726 3653 818 3710 nostri
835 3671 937 3711 omues
953 3651 1196 3732 praetulimus.
1215 3661 1244 3712 et
1258 3674 1318 3717 om.
1335 3652 1483 3715 Fabrici.
1498 3654 1595 3720 Guelf.
1608 3678 1632 3715 ι.
1654 3677 1703 3718 ra-

302 3764 556 3830 canticam-uteri.
571 3760 657 3820 Bam.
671 3780 697 3818 ι.
718 3765 746 3817 at
760 3773 828 3816 cum
843 3775 945 3818 πονοι.
967 3755 1028 3816 Eas.
1038 3757 1066 3828 4.
1087 3756 1167 3816 leid.
1182 3778 1210 3818 a.
1229 3757 1331 3817 variata
1344 3757 1525 3835 incertusque
1537 3745 1614 3818 liivii
1623 3759 1700 3835 libri,

302 3872 447 3934 Gommel.
466 3868 566 3928 Natat.
586 3873 694 3926 veteres
711 3862 788 3922 Edit.
809 3863 896 3942 pauci
918 3859 1022 3926 Cottii.
1042 3861 1122 3925 leid.
1132 3881 1159 3920 a.
1169 3882 1195 3921 c.
1206 3861 1236 3921 d.
1251 3881 1276 3920 e.
1287 3862 1307 3920 i.
1318 3882 1346 3942 g.
1358 3862 1378 3924 i.
1394 3865 1414 3919 l.
1428 3882 1469 3918 m.
1496 3859 1581 3920 Bam.
1593 3860 1622 3922 3.
1648 3885 1702 3924 va-

303 3995 357 4038 nus
367 3977 547 4051 incertusque
564 3971 633 4030 vin.
644 3989 670 4028 ι.
690 3968 787 4028 Sonat.
807 3965 907 4026 lleuu.
927 3963 1017 4026 baad.
1037 3965 1100 4026 Bas.
1114 3987 1139 4026 ι.
1162 3963 1273 4026 Fabiis.
1295 3963 1393 4024 Guali.
1408 3984 1433 4022 1.
1445 3963 1623 4045 a.3.·vcgus
1640 3967 1699 4028 t'rw.
1829 3958 1836 3967 ’

299 4082 373 4148 Vin.
386 4073 411 4141 ι’.
431 4080 490 4138 inc.
508 4076 604 4138 Suus.
618 4073 698 4136 Vrat.
714 4076 742 4136 3.
762 4071 847 4130 Rem.
867 4091 892 4130 1.
921 4068 1020 4140 Basa.
1040 4068 1111 4130 Tur.
1131 4069 1236 4129 Fraus.
1256 4069 1323 4128 Ecc.
1344 4067 1441 4127 Guels.
1453 4069 1521 4148 49.
1537 4090 1582 4129 ιο.
1595 4091 1640 4131 ιι.
1654 4088 1699 4138 ιι.

301 4181 541 4264 ἱιὶἀ.1ι.1ι.ὶ.ιι.
559 4179 647 4237 Palat.
665 4181 692 4242 3.
708 4186 737 4236 ct
757 4176 808 4234 alii
829 4176 941 4255 aliquot
956 4194 990 4233 ex
1005 4172 1093 4232 Palat.
1114 4174 1244 4252 quinque
1260 4172 1373 4232 Wassii.
1401 4169 1533 4249 agitabat
1553 4173 1700 4238 Commel.

304 4291 416 4353 Fabtic.
431 4287 516 4347 Paris.
527 4306 553 4344 c.
574 4281 724 4361 quisquam
739 4276 873 4340 amnium
893 4277 990 4336 Guell.
1005 4275 1034 4336 3.
1045 4297 1074 4357 7.
1084 4297 1113 4356 9.
1140 4273 1190 4335 Ac.
1216 4273 1302 4334 Fabr.
1320 4275 1389 4358 Tag.
1408 4274 1477 4341 Tur.
1498 4278 1593 4344 Strur,
1614 4278 1698 4342 Ram.

1176 4427 1296 4476 121
