4570 5316
538 415 543 420 Ι
577 443 647 523 t5o

571 623 613 701 di
639 623 761 729 gratia
783 621 955 698 occultus
985 619 1135 696 veniat:
1161 616 1300 694 deinde
1320 613 1395 693 fide
1416 615 1522 706 data,
1545 614 1577 690 ei
1596 614 1823 722 Iugurtham
1848 619 1978 696 vivum

574 763 643 824 aut
665 761 843 820 necatum
861 742 934 818 sibi
958 741 1188 834 tradidisset,
1207 739 1308 830 fore,
1331 755 1377 814 ut
1393 739 1450 813 illi
1467 741 1625 815 Senatus
1647 741 1918 844 impunitatem
1940 759 1980 818 et

570 885 638 948 sua
665 869 793 943 omnia
819 865 1058 955 concederet,
1092 863 1204 939 facile
1229 861 1405 937 Numidae
1426 863 1649 966 persuadet,
1674 866 1797 968 quum
1824 861 1978 974 ingenio

571 991 709 1082 infido,
736 1005 819 1064 tum
850 988 1057 1077 metuenti,
1083 1013 1148 1074 ne,
1184 987 1215 1061 si
1236 1013 1313 1089 pax
1337 1009 1426 1060 cum
1446 987 1625 1062 Romanis
1652 986 1782 1081 lieret,
1806 989 1885 1093 ipse
1908 1017 1979 1094 per

522 1115 808 1192 &conditiones
836 1113 885 1188 ad
914 1100 1149 1215 supplicium
1169 1109 1389 1185 traderetur.
1429 1113 1464 1183 Is
1491 1110 1561 1185 ubi
1592 1110 1764 1213 primum
1796 1131 1979 1216 opportu-

570 1265 668 1314 num
694 1238 786 1326 fuit,
812 1234 1041 1340 Iugurtham
1060 1233 1220 1308 anxium
1245 1259 1290 1307 ac
1310 1233 1552 1308 miserantem
1571 1233 1744 1310 fortunas
1765 1260 1850 1311 suas
1875 1263 1979 1327 acce·
2015 1233 2018 1240 ’

570 1361 652 1454 dit;
678 1377 809 1436 monet
832 1377 948 1461 atque
972 1358 1189 1433 lacrumans
1218 1358 1447 1446 obtestatur,
1471 1356 1530 1431 uti
1561 1356 1773 1460 aliquando
1792 1358 1865 1433 sibi
1886 1360 1978 1435 libe-

570 1483 699 1586 risque
724 1499 762 1558 et
793 1482 896 1588 genti
922 1481 1195 1572 Numidarum,
1219 1497 1377 1585 optume
1407 1479 1588 1570 merenti,
1613 1479 1831 1583 provideat:
1855 1485 1979 1558 omni·

570 1606 642 1682 bus
666 1606 805 1709 praeliis
836 1631 911 1680 sese
934 1603 1076 1694 victos,
1108 1631 1244 1710 agrum
1277 1621 1487 1694 vastatum,
1521 1603 1662 1679 multos
1689 1606 1860 1680 mortalis
1884 1635 1972 1710 cap

571 1743 646 1820 tos,
673 1730 834 1817 occisos,
862 1728 967 1833 regni
993 1753 1080 1832 opes
1100 1727 1354 1804 comminutas
1384 1753 1481 1803 esse:
1510 1726 1599 1801 satis
1622 1753 1719 1830 saepe
1743 1728 1820 1802 iam
1844 1745 1882 1804 et
1903 1733 1978 1805 rir-

570 1867 694 1928 tutem
714 1849 901 1940 militum,
927 1867 966 1925 et
993 1849 1191 1925 fortunam
1224 1867 1475 1952 temptatam:
1500 1865 1630 1924 caveat
1659 1877 1731 1940 ne,
1765 1849 1834 1926 illo
1862 1880 1978 1930 cunc.

574 1991 698 2063 tante,
721 1973 898 2048 Numidae
913 1973 984 2046 sibi
1006 1973 1217 2047 considant
1256 1973 1324 2046 His
1348 1989 1463 2075 atque
1484 1972 1624 2048 talibus
1645 1972 1729 2048 aliis
1747 1974 1798 2050 ad
1818 1975 1978 2054 deditio·

570 2123 660 2171 nem
682 2097 776 2200 regis
795 2095 971 2170 animum
991 2095 1163 2198 impellit
1196 2095 1411 2170 Mittuntur
1422 2096 1472 2170 ad
1490 2096 1758 2198 imperatorem
1775 2097 1887 2202 legati
1909 2102 1975 2204 qui

574 2217 803 2326 Iugurtham
828 2218 1012 2320 imperata
1028 2217 1222 2291 facturum
1246 2216 1433 2308 dicerent,
1456 2245 1500 2292 ac
1516 2219 1598 2292 sine
1615 2218 1697 2292 ulla
1710 2221 1887 2323 pactione
1904 2251 1977 2300 sese

571 2351 809 2448 regnumque
828 2365 942 2415 suum
964 2341 1006 2413 in
1023 2339 1126 2414 illius
1152 2339 1267 2415 fidem
1288 2339 1443 2415 tradere.
1481 2341 1658 2416 Metellus
1679 2369 1840 2445 propere
1863 2373 1977 2422 cunc-

570 2479 628 2538 tos
648 2463 835 2538 Senatorii
859 2461 1004 2538 ordinis
1024 2489 1070 2537 ex
1093 2461 1268 2536 hibernis
1285 2463 1422 2537 accersi
1442 2463 1572 2537 iubet:
1597 2489 1732 2538 eorum
1753 2481 1869 2570 atque
1887 2470 1977 2546 alio-

570 2613 680 2678 rum,
707 2611 802 2688 quos
836 2584 991 2660 idoneos
1029 2585 1213 2674 ducebat,
1239 2584 1442 2660 consilium
1470 2584 1597 2661 habet.
1646 2589 1704 2660 Ita
1729 2612 1835 2664 more
1863 2594 1978 2668 maio-

571 2738 687 2800 rum,
715 2736 761 2784 ex
786 2708 936 2784 consilii
963 2709 1132 2800 decreto,
1162 2735 1232 2812 per
1256 2707 1396 2813 legatos
1417 2707 1612 2816 Iugurthae
1638 2708 1803 2815 imperat
1833 2717 1976 2819 argenti

572 2834 705 2938 pondo
726 2832 892 2908 ducenta
920 2831 1063 2924 millia,
1089 2830 1311 2936 elephantos
1334 2833 1473 2922 omnis,
1503 2860 1692 2936 equorum
1714 2852 1754 2910 et
1783 2863 1976 2914 armorum

571 2957 827 3058 aliquantum.
878 2953 977 3053 Quae
995 2971 1200 3060 postquam
1222 2956 1305 3032 sine
1330 2982 1436 3032 mora
1468 2955 1702 3049 factasunt,
1727 2959 1834 3036 iubet
1855 2963 1975 3038 omnis

571 3139 631 3196 stri.
662 3135 733 3196 dein
747 3136 857 3216 priores
870 3133 947 3194 Edit.
969 3135 1110 3195 meutenti
1127 3155 1173 3196 ne.
1195 3156 1232 3197 ne
1246 3133 1307 3196 om.
1320 3137 1399 3198 Vrat.
1414 3136 1500 3198 Febr.
1511 3137 1597 3200 Rern.
1616 3140 1685 3206 vin.
1703 3163 1729 3201 ι.
1749 3143 1816 3202 Sen.
1828 3164 1855 3202 a.
1877 3133 1975 3206 Hecu.

572 3241 640 3304 Eec.
652 3240 749 3300 Guell.
762 3239 823 3310 ud.
832 3261 860 3320 7.
871 3240 900 3299 6.
911 3261 921 3299 ι
931 3262 956 3300 ι.
969 3261 1014 3300 ra.
1027 3239 1096 3323 Τις.
1117 3239 1200 3306 Leid.
1214 3238 1245 3300 b.
1258 3261 1289 3302 n.
1310 3241 1396 3304 Bodl.
1410 3241 1444 3302 B.
1454 3241 1525 3302 Pub.
1545 3243 1637 3310 Mark.
1649 3257 1685 3308 Λ.
1694 3258 1724 3310 Γ.
1737 3265 1843 3308 msec.
1864 3250 1977 3326 quodsi

574 3363 637 3423 pax
656 3343 738 3402 Leid.
754 3344 782 3407 k.
803 3347 846 3404 ad
857 3346 948 3425 neppl.
965 3347 1088 3406 daretur
1107 3345 1176 3408 vin.
1189 3366 1216 3408 ι.
1237 3344 1333 3407 Guels.
1344 3351 1372 3410 5.
1393 3346 1495 3418 ΒΜ.
1516 3347 1683 3409 traheretur
1702 3349 1798 3411 Guell.
1813 3371 1837 3410 ι.
1859 3351 1926 3436 Teg.

653 3467 726 3549 Cap.
742 3469 791 3528 62.
802 3451 998 3549 ¹opportsm't
1014 3473 1136 3534 verbum
1149 3494 1211 3535 om.
1227 3473 1375 3536 Commel.
1395 3475 1479 3536 Bodl.
1502 3475 1608 3556 optime
1623 3477 1734 3539 merite
1752 3483 1884 3562 plerique
1899 3481 1974 3542 Cor·

574 3573 607 3634 tii
623 3571 703 3647 libri,
724 3557 826 3630 omnes
835 3573 916 3638 Ieid.
935 3573 997 3634 Bas.
1014 3596 1040 3635 ι.
1059 3569 1144 3636 Bern.
1160 3577 1189 3637 3.
1210 3579 1336 3639 merenti
1348 3580 1422 3640 Vin.
1440 3601 1465 3640 ι.
1486 3579 1599 3642 Fabric.
1619 3582 1715 3649 Turis.
1736 3583 1820 3644 Rem.
1832 3605 1859 3650 a.
1880 3587 1973 3648 Guell.

576 3699 602 3736 1.
623 3677 701 3738 uini
713 3675 827 3757 aliquot
845 3685 873 3736 et
887 3675 975 3737 Palat.
986 3681 1127 3739 meliores.
1151 3690 1279 3748 merertte
1291 3681 1429 3750 Gustus.
1456 3693 1555 3764 captos
1570 3686 1677 3746 occisos
1700 3686 1769 3770 Τις.
1789 3689 1886 3751 Basa.
1904 3693 1971 3754 Tur.

481 3843 483 3850 ,
572 3782 659 3843 Bern.
675 3802 701 3840 1.
731 3789 785 3840 aut
799 3798 862 3842 occ.
884 3781 980 3841 ceteri.
1001 3781 1072 3842 satu
1086 3801 1159 3864 supe
1175 3793 1203 3844 et
1219 3785 1280 3844 ium
1308 3785 1420 3853 Febris.
1441 3809 1465 3848 ι.
1486 3789 1554 3872 Teg.
1575 3789 1645 3849 Tur.
1672 3792 1760 3852 etium
1773 3803 1801 3852 et
1822 3795 1930 3858 Febris.
1947 3817 1972 3858 2.

571 3889 634 3948 iam
653 3886 790 3947 Gueltss.
811 3884 973 3948 camatillo
993 3885 1078 3952 Bern.
1096 3909 1122 3948 ι.
1143 3888 1359 3967 qest-dicerent
1378 3891 1460 3953 Gort.
1478 3914 1538 3954 om.
1556 3897 1653 3971 fidem
1670 3899 1801 3958 traderet
1822 3900 1932 3962 Fabrie.
1948 3923 1973 3962 ι.

571 3993 642 4057 Vin.
660 3985 686 4056 ι.
711 3991 778 4051 Sen.
791 4009 819 4051 2.
839 3990 939 4050 lleuss.
959 3989 1029 4072 Teg.
1049 3990 1146 4080 Turio.
1176 3991 1274 4052 Guell.
1289 4012 1314 4052 1.
1331 4015 1375 4055 ιο.
1403 3998 1444 4056 ita
1458 4000 1545 4059 etiam
1561 3999 1649 4088 l’alat.
1665 4005 1804 4082 potiores.
1823 4009 1974 4068 traderent

571 4095 634 4160 Bas.
646 4095 675 4166 d.
693 4094 772 4156 illisu
774 4095 852 4172 fidei
864 4095 946 4156 Leid.
957 4094 989 4154 h.
1011 4095 1068 4156 intr
1074 4097 1140 4172 fide
1159 4095 1263 4162 Fraus.
1283 4098 1423 4159 necarat'ri
1440 4101 1526 4162 Grut.
1547 4102 1665 4180 Carrio,
1687 4105 1852 4188 Gryphius,
1865 4109 1972 4173 Veneta

569 4200 664 4282 ‘alym
685 4197 782 4264 Guelt'.
798 4200 827 4262 6.
846 4220 891 4264 ιο.
906 4221 952 4260 ιι.
968 4220 1015 4260 ra.
1037 4198 1121 4262 Fabr.
1133 4219 1160 4260 ι.
1180 4199 1264 4260 Rem.
1278 4222 1304 4260 ι.
1323 4201 1390 4262 Seu.
1406 4225 1433 4265 a.
1455 4206 1555 4267 Honss.
1575 4209 1729 4271 Vrat.a.3.
1750 4211 1854 4279 Tunc:
1869 4236 1970 4277 mser.

571 4303 685 4367 acocrsi
702 4304 765 4364 Bas.
777 4323 804 4364 1.
825 4285 934 4365 Falirie.
946 4325 972 4365 ι.
992 4305 1062 4366 vin.
1077 4298 1140 4365 inc.
1160 4304 1257 4366 senat.
1271 4326 1296 4366 1.
1316 4305 1402 4368 Rem.
1417 4329 1444 4368 a.
1464 4311 1585 4372 Vrata.
1611 4310 1789 4380 Gustu-2.
1801 4323 1827 4381 3.
1839 4341 1867 4399 7.
1888 4320 1969 4381 Bem.

578 4429 604 4470 ι.
633 4427 735 4471 eorum
752 4416 783 4470 et
798 4406 928 4470 numm
953 4407 1016 4470 Bas.
1030 4429 1056 4470 ι.
1067 4408 1096 4480 4.
1130 4408 1215 4472 Bora.
1233 4431 1260 4472 ι.
1280 4409 1339 4478 Erl.
1367 4415 1408 4476 sic
1419 4425 1487 4476 ante
1500 4415 1618 4482 llivium
1637 4419 1750 4480 edium
1764 4422 1829 4482 luit.
1857 4425 1902 4484 tui
1918 4426 1974 4488 iuss
