4570 5316
611 385 679 460 162

608 563 716 670 fuga,
734 591 779 640 ac
800 581 885 669 post
905 567 1038 672 paullo
1060 566 1103 642 in
1126 565 1241 642 armis
1257 591 1363 670 spem
1390 561 1555 642 habere:
1581 564 1776 656 dubitare,
1800 565 1934 640 virtuti
1959 591 2010 640 an

603 686 697 784 ,fidei
716 689 963 792 popularium
983 691 1110 769 minus
1131 690 1317 784 omdortt3
1341 689 1413 778 ita,
1431 715 1676 792 quocumque
1695 673 1934 780 intenderat,
1956 713 2013 762 ros

607 811 773 904 adrorsae
795 830 914 892 erant.
967 815 1039 889 Sed
1066 815 1167 889 inter
1187 840 1248 890 eas
1277 839 1401 888 moras
1426 829 1581 916 repente
1614 837 1693 888 sese
1721 813 1897 888 Metellus
1922 839 2012 887 cum

606 935 774 1040 exereitu
796 937 968 1012 ostendit.
1016 937 1265 1014 Numidaeob
1290 935 1477 1040 Iugurtha
1504 965 1579 1040 pro
1599 953 1769 1040 tempore
1800 937 1924 1041 parati
1952 935 2015 1010 in-

606 1057 843 1160 structique:
868 1059 958 1134 dein
978 1062 1157 1165 praelium
1179 1060 1373 1166 incipitur.
1407 1063 1496 1159 Qua
1520 1063 1561 1136 iu
1579 1078 1688 1166 parte
1709 1089 1774 1136 rer
1791 1085 1930 1165 pugnat
1948 1060 2015 1134 ad·

608 1179 699 1273 suit,
725 1181 780 1255 ibi
813 1181 1055 1284 aliquamdiu
1081 1203 1290 1262 certatum:
1316 1187 1430 1272 ceteri
1456 1187 1537 1263 eius
1566 1211 1696 1260 omnes
1728 1185 1866 1262 milites
1889 1185 2015 1288 primo

609 1331 810 1410 congressu
841 1307 941 1409 pulsi
972 1308 1178 1414 fugatique.
1236 1311 1398 1384 Romani
1434 1308 1631 1413 signorum
1659 1324 1697 1384 et
1721 1335 1918 1386 armomm
1948 1305 2018 1382 ali-

611 1445 759 1532 quanto
781 1456 958 1524 numeru,
985 1432 1154 1510 hostium
1176 1461 1389 1539 paucorum
1414 1433 1553 1536 potiti:
1579 1459 1672 1506 nam
1697 1430 1814 1506 ferme
1835 1429 2018 1512 Numidas

561 1553 651 1636 7⁵in
675 1549 857 1632 omnibus
874 1557 1016 1660 praeliis
1040 1559 1157 1662 magis
1180 1558 1292 1660 pedes
1310 1583 1429 1660 quam
1449 1582 1554 1630 orma
1580 1571 1702 1629 tutata
1723 1571 1829 1640 sunt.
1857 1555 1911 1628 Ea
1930 1554 2018 1656 fuga

608 1675 795 1780 Iugurtha
825 1677 1032 1782 impensius
1071 1681 1186 1760 modo
1218 1682 1329 1758 robus
1357 1680 1434 1754 suis
1466 1679 1639 1754 diflidens
1671 1705 1761 1752 oum
1790 1677 1957 1780 perfugis
1981 1693 2020 1750 et

608 1817 718 1904 parte
738 1801 929 1902 equitatus
951 1804 992 1879 in
1007 1805 1247 1896 solitudines„
1275 1804 1369 1879 dein»
1378 1802 1542 1876 Thalam
1561 1801 1750 1904 peruenit,
1769 1801 1810 1876 in
1832 1800 2019 1904 oppidum

610 1951 794 2028 magnum
832 1941 947 2030 atque
973 1929 1222 2030 opulentum,
1267 1927 1335 2001 ubi
1367 1925 1541 2028 plerique
1572 1924 1737 2001 thesaur
1760 1917 2020 2028 ¹,filiorumque

609 2046 690 2120 eius
718 2047 864 2122 multus
888 2051 1063 2150 pueritiae
1092 2050 1218 2124 cultus
1241 2065 1332 2124 erat
1384 2049 1481 2145 Quoe
1510 2063 1712 2150 postquam
1738 2048 1893 2124 Metello
1919 2075 2021 2122 com-

610 2185 718 2272 perta
748 2190 859 2258 sunt,
884 2199 1121 2278 quamquam
1142 2173 1243 2248 inter
1273 2170 1436 2246 Thalam
1460 2171 1691 2274 flumenque
1708 2171 1954 2275 proximum,
1979 2173 2020 2246 in

614 2401 640 2440 ι.
663 2383 762 2440 Franc.
783 2377 917 2440 lissidm.
937 2371 1055 2437 Martio.
1077 2368 1232 2452 plaoobant
1252 2369 1326 2428 Eoc.
1341 2367 1421 2428 Vrut.
1431 2369 1460 2433 3.
1480 2371 1634 2449 profectos
1647 2369 1680 2428 in
1695 2372 1727 2428 d.
1749 2369 1838 2430 lead.
1856 2371 2021 2450 profectus-

611 2505 665 2564 que
684 2485 744 2544 inc.
766 2504 806 2540 m.
818 2503 873 2548 seo.
894 2479 1029 2548 Guolsd.
1047 2495 1175 2556 propos.
1193 2493 1253 2533 οιιι.
1275 2473 1360 2532 Leid.
1372 2495 1398 2532 c.
1421 2473 1453 2532 in
1462 2475 1576 2552 ιῙιιῑςοοι
1597 2473 1752 2535 Vratisl.3.
1773 2473 1872 2540 Guols.
1888 2475 1917 2544 4.
1931 2497 1961 2554 9.
1976 2495 2021 2533 ιι.

608 2589 783 2672 postpuullo
804 2587 920 2648 Gruter.
942 2585 1005 2644 Bas.
1021 2604 1048 2642 ι.
1068 2603 1136 2641 cum
1158 2577 1250 2638 tribus
1270 2579 1334 2636 aliis
1351 2579 1446 2638 Cottii
1470 2578 1567 2638 libris..
1582 2577 1662 2640 Leid.
1678 2583 1702 2638 l.
1724 2577 1826 2658 partile
1840 2587 1905 2658 post
1926 2581 2020 2638 ueteri.

611 2695 645 2756 ιἰι
660 2694 753 2762 armis
766 2686 844 2774 spem
860 2691 966 2750 habore
988 2687 1047 2751 hoc
1064 2687 1168 2745 ordine
1188 2703 1290 2743 omnes
1306 2683 1362 2742 lere
1380 2683 1458 2742 libri.
1479 2703 1557 2763 rpem
1574 2682 1607 2742 in
1623 2683 1715 2744 armis
1735 2686 1775 2744 ito
1791 2682 1908 2743 Gruter.
1925 2695 1953 2744 et
1969 2694 2023 2746 tres

613 2799 706 2870 Cortii
723 2798 815 2859 bonu·
827 2807 913 2858 notu.
933 2794 1095 2856 virtnti'un
1103 2789 1182 2866 fidoi
1199 2789 1297 2868 ροριιΙ,
1318 2787 1377 2848 Ιιοο
1396 2788 1501 2850 ordino
1523 2789 1639 2849 Gruter.
1654 2799 1683 2849 et
1695 2787 1822 2851 Wassius
1842 2800 1871 2848 at
1891 2791 2023 2870 plerique

613 2903 691 2964 libri.
711 2903 779 2969 virt.
791 2923 858 2984 pop.
873 2899 999 2975 ansidei
1016 2897 1102 2956 Fabr.
1122 2897 1219 2956 Guell.
1231 2895 1260 2961 3.
1272 2895 1302 2954 6.
1314 2896 1381 2969 fida
1401 2893 1514 2957 Febris.
1528 2915 1553 2953 ι.
1570 2915 1600 2954 se
1619 2893 1691 2954 Met.
1712 2895 1835 2975 plurimi
1849 2893 1947 2954 Codd.
1966 2914 2023 2954 sese

613 3007 675 3070 Bas.
692 3031 718 3068 ι.
740 3010 798 3072 ine.
813 3028 839 3067 ι.
858 3005 962 3070 Guell.
971 3003 1001 3068 3.
1026 3003 1132 3062 Fraus.
1158 3002 1298 3060 aduorso
1314 3007 1410 3058 oraru.
1438 3009 1523 3058 erunt
1535 3021 1594 3060 om.
1616 2999 1679 3059 Bas.
1701 3001 1732 3071 4,
1751 2999 1942 3079 irutruotiqus
1954 3011 2022 3058 sunt

474 3171 482 3177 .
613 3115 653 3174 ita
672 3117 773 3194 vulgo.
792 3120 880 3174 nont
894 3108 1035 3183 Goelld.
1052 3105 1154 3187 parati
1165 3113 1252 3165 orout
1272 3103 1358 3166 iruu.
1374 3102 1471 3163 Guell.
1491 3105 1520 3164 6.
1548 3103 1671 3166 verbnm
1692 3125 1753 3169 om.
1780 3105 1876 3165 Senot.
1891 3127 1917 3165 ι.
1938 3105 2022 3164 Fau.

614 3217 679 3277 Eoo.
701 3217 799 3278 Guell.
816 3237 843 3276 a.
859 3237 905 3276 ιο.
918 3235 964 3274 ιι.
986 3211 1103 3271 Gruter.
1124 3210 1246 3275 llorere.
1265 3220 1293 3269 et
1309 3208 1391 3274 Leid.
1405 3219 1507 3289 proter
1518 3209 1550 3268 k.
1567 3208 1709 3269 instrrtoti
1718 3208 1828 3270 maudo
1842 3209 1904 3270 Bas.
1920 3210 1948 3281 Δ.
1965 3229 2025 3292 ριο-

612 3341 682 3400 gnos
694 3321 804 3396 adfuit.
821 3340 930 3400 pugnis
949 3339 1009 3377 οιιι.
1029 3317 1133 3382 Sena.
1155 3316 1255 3375 llotns.
1278 3313 1415 3385 Goelld.
1430 3335 1475 3374 ιι.
1503 3323 1578 3376 out.
1592 3323 1634 3375 est
1662 3315 1720 3374 Erl.
1741 3314 1824 3381 Leid.
1835 3313 1865 3373 b.
1876 3337 1902 3376 ο.
1915 3314 1946 3379 d.
1960 3335 1985 3374 e.
2003 3315 2024 3372 i.

614 3447 643 3505 g.
660 3421 691 3486 h.
712 3423 774 3488 Bas.
786 3425 815 3494 l.
836 3424 921 3484 Bern.
934 3423 965 3484 3.
984 3420 1190 3482 mariamnes
1210 3419 1271 3480 eun
1291 3419 1397 3481 militur
1415 3417 1474 3480 hoc
1494 3419 1599 3480 ordine
1619 3421 1743 3501 plurimi
1763 3420 1842 3480 libri.
1862 3417 2023 3480 coterier'rrs

615 3536 714 3588 omncs
727 3547 769 3586 m.
792 3527 863 3592 Tur.
884 3527 967 3587 rabi.
988 3526 1050 3586 tta.
1066 3547 1090 3590 ι.
1102 3524 1140 3596 d.
1152 3523 1242 3585 lud.
1270 3526 1367 3587 suuv.
1387 3525 1490 3586 inm.
1510 3523 1607 3585 Guett.
1622 3546 1648 3584 ι.
1661 3543 1688 3584 2.
1708 3525 1791 3586 Leid.
1802 3523 1835 3590 b.
1846 3547 1872 3584 ο.
1883 3524 1914 3584 d.
1927 3545 1952 3584 ο.
1963 3524 2024 3606 tg.

615 3630 646 3692 lr.
667 3631 790 3698 Bem.3.
819 3628 919 3691 omnis
937 3630 1099 3694 οιιι.Βοιιι.
1116 3649 1140 3688 ι..
1166 3649 1193 3690 ο.
1212 3650 1270 3689 οιιι.
1290 3629 1353 3690 mil.
1370 3629 1431 3690 rius
1449 3631 1510 3691 ino.
1524 3650 1550 3689 ι.
1579 3629 1644 3690 mil.
1657 3630 1782 3696 cotula
1800 3649 1901 3692 ornnes
1919 3629 2026 3690 rane.

612 3736 710 3817 primo
728 3753 873 3798 concursu
901 3733 986 3800 Febr.
1017 3733 1119 3793 Guell.
1128 3733 1158 3793 6.
1189 3733 1271 3792 Leid.
1287 3730 1325 3796 h.
1344 3735 1465 3814 forsitan
1487 3743 1518 3795 et
1543 3733 1727 3815 Tounupr.
1755 3753 1911 3814 congressu
1926 3735 2025 3796 esuri.

603 3841 843 3924 sugatiqnesunt
862 3841 943 3902 Leid.
955 3838 1052 3903 a.d.t'.
1066 3859 1097 3898 ο.
1117 3835 1179 3898 Bas.
1194 3837 1225 3908 4.
1243 3836 1311 3902 Τοι.
1332 3835 1577 3919 Bora-3.sugou‘
1585 3840 1667 3900 Leid.
1685 3838 1716 3899 b.
1737 3849 1765 3900 rt
1778 3840 1932 3922 aliquotres
1943 3859 2025 3899 num.

615 3947 743 4009 hostium
767 3950 808 4009 iu
822 3967 924 4008 omues
941 3946 999 4006 lere
1014 3943 1095 4004 libri.
1120 3951 1149 4002 rt
1166 3961 1228 4001 om.
1246 3942 1315 4004 vin.
1335 3963 1368 4004 ι..
1388 3942 1485 4022 Guell.
1498 3943 1529 4008 3.
1541 3965 1587 4004 ιο.
1602 3965 1648 4004 ιι.
1668 3964 1715 4004 ιι.
1735 3943 1860 4006 Parius.
1884 3943 2027 4005 Numidis

614 4049 676 4110 Bas.
693 4072 719 4119 ι.
749 4073 847 4136 m.pr.
868 4049 953 4110 Febr.
976 4069 1000 4108 ι.
1016 4039 1067 4136 ἰὀ.
1087 4066 1137 4128 pr.
1161 4045 1229 4128 Τις.
1259 4045 1329 4106 Τοι.
1350 4067 1392 4107 ιιι.
1402 4069 1451 4131 ρι.Ι
1470 4057 1535 4109 tuta
1555 4047 1677 4111 Gomm.
1696 4048 1797 4110 Norat.
1819 4049 1950 4132 Prista.
1968 4054 2026 4112 Fa·

513 4155 517 4162 '
614 4153 688 4220 bric.
701 4176 726 4215 1.
747 4157 831 4215 Paris.
844 4154 950 4213 ultro.
967 4153 1068 4234 Coeli.
1082 4173 1107 4212 ι.
1120 4170 1147 4212 a.
1158 4150 1187 4212 3.
1198 4151 1268 4234 49.
1282 4171 1328 4212 ιο.
1349 4153 1431 4213 Leid.
1440 4175 1467 4213 a.
1477 4153 1508 4219 d.
1521 4156 1541 4212 f.
1554 4155 1574 4213 ἱ.
1595 4161 1694 4214 truata
1714 4155 1836 4236 plurimi
1858 4156 1935 4216 inter
1952 4173 2027 4236 quos

614 4238 695 4319 t'eid.
708 4261 728 4326 l.
748 4259 871 4326 Parius.
891 4259 952 4328 Bas.
971 4281 997 4320 ι.
1017 4258 1088 4326 Τιιι.
1107 4256 1192 4320 Bem-
1205 4261 1232 4322 3.
1263 4257 1446 4321 uturum.
1467 4257 1562 4322 tud.
1577 4259 1674 4326 Strut-
1693 4259 1754 4326 inc.
1774 4257 1899 4322 Remo.
1917 4257 2030 4339 Fraus.
