4560 5338
1652 453 1727 508 xm

415 607 672 684 Eccarclianus
692 606 742 680 ab
762 602 950 695 Ecoardo,
976 603 1218 682 Bibliotheeae
1233 606 1524 684 Hannoveranae
1536 610 1725 713 praefecto,

319 733 447 810 Cortio
461 731 698 807 transmissus
714 746 754 805 et
764 727 982 804 Vinariensi
992 732 1019 802 I.
1030 729 1266 822 simillimus,
1287 731 1337 807 ad
1350 731 1465 807 fidem
1475 732 1612 836 optimi
1630 733 1722 810 libri

316 885 340 933 a
358 857 515 933 librario
534 853 768 960 negligenter
781 867 956 928 exaratus
968 867 1031 926 est
1054 853 1276 946 Stravianus,
1294 856 1363 958 qui
1376 855 1470 931 olim
1480 855 1722 934 Rittershusii

316 979 458 1070 fuerat,
479 980 555 1054 iam
574 994 687 1054 antea
703 973 918 1051 aPutsclrio
937 976 1125 1054 etColero
1143 1004 1338 1070 excussus,
1356 1007 1379 1054 a
1392 981 1539 1072 Cortio,
1564 981 1628 1056 cui
1641 979 1722 1060 eius
1748 1017 1751 1024 ·

317 1099 545 1210 inspiciendi
567 1100 714 1205 copiaa
735 1099 887 1174 Struvio
909 1099 1008 1176 facta
1031 1117 1131 1189 erat,
1157 1101 1286 1178 denuo
1310 1103 1568 1194 examinatus,
1592 1130 1723 1182 recem

316 1231 391 1306 tior
405 1244 460 1324 est
475 1245 590 1330 atque
610 1224 720 1300 male.
731 1221 888 1300 habitus
909 1251 931 1298 a
948 1224 1233 1300 correctoribus
1255 1225 1511 1320 Academicus.
1523 1227 1659 1334 Lipsiae
1677 1228 1721 1308 itt

316 1351 549 1429 Bibliotheca
565 1348 728 1424 Paulina
744 1362 971 1436 asservatur,
995 1347 1084 1422 satis
1105 1364 1308 1452 corruptus
1330 1367 1370 1425 et
1393 1377 1438 1427 eo
1458 1353 1623 1440 maxime
1638 1352 1721 1428 lau.

314 1477 483 1566 dandus,
508 1472 614 1576 quod
649 1470 862 1546 lectionum
892 1487 1164 1574 conuptarum
1194 1471 1357 1574 origines
1386 1473 1477 1549 inde
1509 1500 1719 1578 cognoscas

315 1597 539 1688 Catilinam,
561 1590 789 1700 Iugurtham
803 1609 842 1667 et
855 1593 1185 1667 Declamationem
1200 1611 1406 1697 utramque
1420 1598 1600 1673 continet.
1658 1599 1722 1675 Sc·

312 1730 450 1800 aratorii
461 1722 557 1810 duo,
574 1735 613 1793 et
629 1717 701 1822 ipsi
715 1713 934 1821 Lipsienses,
944 1712 1187 1790 bibliotheca
1204 1717 1403 1793 anatona
1416 1718 1527 1810 libri,
1550 1745 1573 1794 a
1589 1719 1721 1797 melio·

314 1849 419 1924 ribus
445 1860 545 1922 sunt
577 1843 686 1918 Prior
701 1839 1034 1956 Memlsranaceus,
1050 1837 1173 1913 forma
1194 1839 1339 1936 maiore
1363 1841 1406 1915 in
1426 1841 1532 1934 duas,
1547 1867 1643 1944 quas
1661 1843 1719 1923 di-

313 1988 426 2060 cunt,
446 1969 644 2045 columnas
671 1962 899 2052 «intinctus,
922 1977 962 2038 et
985 1959 1080 2038 adeo
1108 1961 1279 2067 religiose
1296 1962 1460 2066 scriptus
1478 1981 1551 2057 est,
1573 1982 1620 2040 ut
1638 1966 1719 2046 eim

313 2092 533 2170 auctoritati
550 2088 659 2165 haud
679 2103 818 2163 temere
835 2083 1093 2162 obnitendum
1110 2085 1178 2180 sit3
1197 2086 1335 2162 saeculo
1345 2089 1446 2164 XIII.
1464 2089 1627 2192 scriptus
1642 2115 1718 2167 esso

312 2219 472 2295 videtur.
518 2214 670 2317 Ubique
688 2212 766 2289 fere
783 2237 874 2287 cum
893 2213 970 2287 Bas.
986 2212 1012 2286 1.
1033 2227 1073 2287 et
1092 2211 1202 2286 Fabr.
1220 2213 1248 2286 I.
1272 2211 1469 2290 consentit
1507 2213 1718 2318 Aliquoties

313 2361 392 2418 tam
410 2342 522 2418 docte
542 2353 662 2428 emat,
687 2353 734 2412 ut
747 2336 808 2412 rel
831 2335 1126 2440 prudentissimo
1151 2333 1286 2411 fucum
1302 2335 1426 2412 facere
1440 2354 1570 2440 queat.
1609 2341 1719 2417 Alter

311 2465 535 2570 estquidam
551 2461 798 2551 chartaceus,
816 2459 882 2535 sed
892 2458 1024 2535 eadem
1039 2458 1222 2562 religione
1235 2459 1285 2534 ab
1298 2459 1410 2536 initio
1423 2461 1588 2540 maxime
1599 2463 1719 2568 scrip-

316 2607 395 2683 tus,
409 2587 545 2692 saepius
555 2582 807 2661 Commeliani
821 2581 1001 2659 lectiones
1011 2581 1225 2672 confirmat,
1239 2599 1279 2658 et
1289 2584 1583 2663 venustissimum
1595 2611 1719 2667 exem·

313 2715 401 2821 plar
416 2707 597 2787 librarius
611 2721 761 2784 secutus
782 2727 856 2780 etse
871 2702 1031 2779 videtur.
1065 2703 1111 2780 Ei
1132 2703 1350 2780 simillimus
1369 2707 1597 2798 Haustanes,
1616 2711 1719 2784 Heu.

313 2839 360 2916 sii
378 2835 596 2924 cuiusdam,
616 2831 722 2936 apud
745 2827 1059 2934 Memmingenses
1078 2826 1172 2903 olim
1193 2826 1382 2918 antistitis,
1408 2827 1516 2910 liber.
1551 2831 1721 2915 Incertus

311 2965 410 3040 dicit
434 2960 584 3038 Cortius
606 2956 729 3032 varias
746 2952 937 3041 lectiones,
956 2977 979 3026 a
1003 2947 1255 3031 Schellrornio
1279 2950 1321 3026 iu
1343 2951 1515 3058 margine
1530 2937 1722 3034 Editionis

312 3083 555 3192 Gryphianae
583 3095 741 3156 notatas
776 3079 1009 3192 Franciaaus
1024 3074 1133 3168 liber,
1155 3076 1224 3179 qui
1241 3075 1334 3151 olim
1347 3080 1384 3158 P.
1404 3077 1560 3152 Francii
1578 3076 1720 3170 fuerat,

313 3209 505 3292 recentior
523 3221 563 3282 et
577 3195 882 3307 corruptissimus
897 3215 973 3293 est3
997 3199 1106 3277 errius
1120 3223 1261 3304 paucas
1280 3199 1459 3274 lectiones
1479 3201 1628 3279 Curtius
1647 3203 1721 3278 sub

315 3336 433 3414 finem
448 3329 622 3408 Catilinae
634 3324 790 3402 notavit
821 3327 866 3400 V
859 3324 1122 3400 mazovienses
1134 3319 1241 3398 haud
1253 3321 1523 3400 meliorissunt
1534 3323 1723 3404 conditio·

316 3461 388 3547 nis,
401 3481 570 3562 quorum
582 3450 706 3529 varias
718 3447 899 3528 lectiones
913 3446 1067 3522 Curtius
1093 3443 1164 3526 soli
1183 3443 1381 3550 Iugurthae
1400 3443 1616 3550 adscripsit,
1643 3447 1724 3526 bel.

316 3585 401 3661 lum
413 3580 518 3659 enim
528 3573 801 3654 catilinarium
819 3571 919 3676 typis
930 3571 1008 3646 iam
1020 3570 1251 3674 exscriptam
1263 3585 1361 3659 erat,
1375 3595 1466 3645 oum
1476 3570 1513 3646 ei
1526 3573 1721 3656 transmiss·

316 3711 346 3786 si
369 3721 469 3784 sunt
503 3703 653 3784 Primus
666 3677 893 3786 Membran,
917 3693 1041 3770 forma
1059 3691 1268 3804 quadrata,
1293 3691 1496 3804 diligenter
1517 3710 1556 3768 et
1575 3695 1720 3806 perspi,
1816 3681 1819 3690 ’

316 3859 389 3908 cue
407 3828 570 3932 scriptus
581 3839 661 3900 est..
683 3825 731 3897 Ia
754 3820 833 3896 fine
854 3819 1013 3929 legitur:
1026 3867 1048 3904 ¹,
1064 3817 1242 3901 Nicolaus
1258 3815 1465 3898 Phileticus
1481 3815 1590 3896 hunc
1612 3817 1723 3896 libel,

315 3957 402 4031 lum
413 3950 584 4061 scripsit,
597 3972 704 4028 *anno
716 3943 876 4029 Domini
885 3941 997 4020 Mille
1015 3941 1145 4016 CCCC
1163 3939 1247 4038 ὄψ’
1270 3939 1391 4020 Paulo
1404 3940 1654 4024 vetustiorest
1669 3965 1725 4020 oe.

276 4075 280 4084 ’
316 4077 489 4168 eandm,
513 4073 645 4152 eadem
658 4071 781 4150 forma
795 4066 881 4159 ,aad
899 4064 999 4141 loliis
1012 4061 1310 4148 membranaceis
1321 4078 1360 4139 et
1373 4059 1591 4145 Chartaoeis
1615 4061 1725 4152 iuno·

319 4203 386 4296 tit,
398 4217 446 4288 ut
458 4197 637 4293 Guele,
659 4194 726 4278 ,eut
735 4192 856 4278 etiam
870 4189 1089 4276 litterarum
1102 4185 1241 4270 duaa
1254 4183 1441 4268 simillimi
1450 4200 1551 4270 sunt
1576 4187 1726 4272 Tertius

1108 4330 1496 4440 1‘j)„('‘
