4542 5318
1682 414 1754 494 225

353 603 463 682 tatas,
488 589 596 668 haud
619 591 772 669 facilem
791 589 1055 697 pugnantibus
1078 589 1239 681 vadum,
1266 605 1405 668 cuncta
1424 587 1522 666 hosti
1543 591 1665 694 quam
1677 593 1755 671 suis

350 715 627 817 opportuniora
648 716 759 792 ridet
783 761 835 777 -
860 713 918 791 55.
940 714 1074 811 Quum
1090 713 1276 790 Sertorius
1288 739 1414 816 neque
1429 717 1754 820 erumperet‚tam

350 833 424 911 levi
451 839 561 943 copia
591 841 752 916 naribus
783 839 914 944 fugam
948 837 1175 913 maturabat.
1200 883 1253 898 -
1277 837 1335 931 54.
1360 839 1410 910 Et
1441 839 1596 914 numeri
1620 863 1754 917 eorum

349 955 527 1038 Metellus
553 990 623 1067 per
643 961 770 1038 literas
788 985 937 1068 gnarum
962 1005 1015 1024 -
1040 959 1098 1037 55.
1120 963 1257 1063 Itaque
1279 960 1457 1036 Servilius
1477 979 1662 1066 aegrotmn
1681 966 1755 1040 Ta-

349 1084 451 1158 renti
468 1085 651 1190 collegam
671 1086 779 1190 prior
799 1102 1066 1191 transgressus,
1091 1085 1164 1160 iter
1182 1085 1299 1160 vortit
1314 1085 1365 1160 ad
1384 1088 1574 1188 Corycum
1604 1088 1755 1180 urbem,

350 1203 539 1283 inclutam
562 1234 679 1313 specu
710 1225 827 1312 atquc
856 1233 1033 1299 nemore,
1057 1208 1099 1283 in
1127 1234 1205 1312 quo
1237 1233 1392 1284 crocum
1413 1208 1591 1313 gignitur.
1617 1251 1669 1271 -
1694 1209 1752 1287 56.

350 1327 411 1404 Ad
430 1329 642 1435 Olympum
658 1347 774 1436 atque
795 1331 1001 1408 Phaselida.
1027 1375 1080 1394 -
1105 1330 1163 1430 57.
1184 1331 1245 1406 Ad
1266 1335 1463 1436 Corycum.
1488 1377 1541 1396 -
1566 1330 1623 1408 58.
1636 1334 1754 1437 Apud

266 1445 268 1452 ’
350 1449 468 1528 Lethe
493 1455 704 1558 oppidum,
745 1455 809 1530 cui
836 1480 979 1530 nomen
1008 1454 1210 1530 oblivionis
1240 1455 1500 1532 condiderant
1524 1500 1577 1517 ·-
1600 1452 1657 1551 59.
1683 1457 1754 1532 Re-

349 1574 482 1678 pulsus
514 1604 537 1651 a
575 1576 692 1653 Lethe
719 1575 870 1681 oppido.
903 1623 955 1639 -
991 1580 1049 1653 60.
1083 1578 1198 1682 Apud
1231 1579 1433 1654 Mutinam.
1465 1623 1518 1638 -
1548 1579 1606 1650 61.
1639 1577 1754 1680 Apud

350 1698 535 1776 Praenestc
558 1700 713 1776 locatus.
735 1745 788 1764 -
811 1703 870 1775 62.
894 1697 1022 1776 Medio
1051 1699 1136 1774 diei.
1160 1745 1214 1761 -·
1236 1702 1294 1773 65.
1321 1700 1502 1796 Quietum
1522 1725 1545 1772 a
1570 1697 1679 1774 bellis
1702 1701 1755 1776 ci·

350 1817 514 1896 vitatem.
538 1867 592 1884 -
614 1825 672 1916 64.
699 1821 849 1897 Militiae
879 1821 1109 1925 719ιὶ1118-
1134 1819 1193 1897 65.
1219 1821 1430 1912 Sertorius,
1449 1819 1569 1925 portis
1598 1823 1756 1898 turbam

246 1989 249 1994 -
351 1944 590 2020 morantibus
614 1958 653 2020 et
675 1943 804 2033 nullo,
829 1958 876 2020 ut
897 1944 940 2019 in
954 1960 1097 2020 tenore
1115 1942 1225 2032 solet,
1251 1944 1397 2047 generis
1419 1959 1489 2018 aut
1507 1942 1660 2047 imperii
1680 1943 1758 2020 dis-

352 2065 539 2158 crimine,
561 2093 633 2171 per
650 2068 832 2144 calonum
852 2079 1036 2171 corpora,
1062 2064 1114 2142 ad
1128 2064 1301 2140 medium
1319 2065 1427 2169 quasi
1463 2065 1669 2170 deinsuper
1688 2068 1756 2143 ad·

348 2188 537 2266 stantium
560 2190 738 2266 manibus
760 2189 804 2265 in
822 2215 981 2266 murum
1011 2185 1222 2264 adtollitur.
1256 2233 1309 2252 --
1331 2189 1390 2263 66.
1415 2189 1548 2292 Neque
1580 2187 1757 2268 demam

350 2309 581 2415 aliquotiens
602 2313 825 2390 detenemr.
852 2353 902 2370 —
927 2315 987 2409 67.
1017 2310 1224 2387 Dubitavit
1252 2311 1333 2386 acie
1360 2337 1457 2415 pars
1490 2351 1540 2372 «-
1564 2314 1623 2388 68.
1648 2315 1757 2411 Quos

350 2433 452 2510 inter
463 2459 648 2510 maxume.
672 2477 725 2499 -
749 2437 808 2530 69.
820 2432 988 2508 Rumore
1003 2432 1140 2535 primo.
1163 2479 1217 2498 -
1238 2459 1295 2530 70.
1319 2433 1427 2510 Idem
1442 2433 1564 2511 fecere
1576 2435 1757 2513 Octavius

348 2573 388 2634 et
405 2557 452 2658 Q.
469 2558 598 2664 Caepio
614 2557 697 2634 sine
711 2555 816 2664 gravi
841 2554 1072 2659 cuiusquam
1090 2557 1537 2659 exspectationemque
1559 2565 1650 2634 sane
1673 2585 1756 2682 arn-

351 2786 399 2850 55.
419 2785 482 2850 luco
497 2789 539 2850 ita
553 2785 835 2870 coniungendam
852 2782 1073 2847 conmissurus
1084 2782 1250 2860 Scrimrius.
1272 2779 1348 2841 Nom
1361 2802 1410 2864 ap.
1425 2781 1558 2846 Serrium
1575 2781 1633 2860 (ad
1644 2782 1717 2845 len.
1727 2805 1757 2860 a,

353 2891 441 2972 564.)
462 2895 503 2953 ita
526 2894 631 2976 legitur
650 2894 683 2952 in
706 2891 817 2952 Codice
832 2888 971 2950 Fuldcnsi
990 2885 1058 2948 Con
1078 2884 1225 2948 Sertorios
1245 2905 1336 2966 morte
1361 2905 1503 2966 mrum,-
1530 2895 1559 2947 ct
1576 2907 1619 2948 an
1634 2886 1693 2950 teat
1704 2907 1758 2950 oo-

346 2995 430 3076 pr'am
440 2997 546 3060 ovibus.
567 2997 777 3077 cctcmsugom
790 2994 959 3056 maturabat
973 2989 1091 3053 exhibet
1112 2989 1203 3050 Corn.
1219 2989 1332 3051 Fronto
1348 3009 1372 3049 s.
1387 3013 1416 3054 r.
1435 3000 1564 3052 maturo.
1583 3021 1626 3038 -
1647 2990 1697 3062 54.
1718 2991 1756 3056 C.

349 3099 462 3159 Fronto
477 3120 499 3160 1.
515 3121 544 3165 v.
557 3121 678 3180 gruna.
698 3099 800 3160 Carrio
817 3120 852 3160 cx
866 3118 920 3158 sno
936 3096 1014 3157 libro
1034 3095 1148 3156 itinerz's
1166 3092 1260 3154 edidit
1266 3133 1277 3169 ,
1297 3095 1331 3154 in
1344 3093 1409 3154 aliis
1428 3094 1558 3156 muncru
1572 3096 1690 3178 legitur.
1714 3127 1756 3146 -

353 3201 401 3262 55.
422 3201 604 3283 It-trmg.
626 3202 690 3264 baso
704 3205 791 3265 Prisc.
806 3204 860 3278 15,
876 3222 911 3276 a,
927 3201 998 3265 616.
1018 3211 1112 3259 cetera
1123 3198 1203 3258 Non.
1219 3198 1311 3258 Marc.
1326 3201 1363 3272 5,
1379 3217 1428 3280 7²·
1448 3196 1511 3260 buc
1523 3199 1757 3282 conglutinandt

351 3308 464 3368 consuit
473 3306 591 3383 Carrio,
606 3306 638 3366 id
649 3307 730 3388 quod
747 3307 831 3371 valde
843 3304 968 3366 dubito:
988 3303 1067 3366 Nou.
1078 3301 1158 3362 enim
1175 3299 1285 3361 librum
1299 3302 1462 3362 secundum
1479 3302 1591 3368 hudat.
1609 3323 1695 3383 spem
1706 3315 1757 3366 111..
1815 3342 1820 3353 .

351 3431 406 3492 qua
425 3411 546 3474 Harcrc.
559 3411 686 3472 coniecit
696 3429 752 3491 pro
763 3419 917 3489 postruqua
940 3405 1021 3488 quod
1038 3409 1127 3488 vulgo
1142 3407 1257 3488 legitur.
1277 3404 1312 3465 iu
1327 3426 1385 3486 quo
1399 3425 1521 3468 crocum
1535 3408 1670 3491 gignitur
1677 3409 1756 3472 Serv.

352 3513 507 3598 Georgi,
525 3516 590 3576 182.
610 3547 653 3563 -·
679 3513 806 3574 56-61.
828 3513 914 3572 Prisc.
937 3511 992 3586 15,
1015 3529 1054 3586 a,
1076 3509 1146 3571 618.
1166 3509 1216 3570 cui
1239 3529 1349 3571 nomm
1374 3511 1526 3574 oblivionis
1546 3512 1755 3588 condideram,

352 3617 432 3701 (quae
441 3641 490 3701 ap.
504 3619 583 3683 Serv.
599 3599 839 3700 adden.'1,267.
856 3616 1012 3699 leguntur)
1028 3637 1095 3676 cum
1105 3615 1427 3679 asterisconinnxerunt
1436 3613 1589 3678 Patrobios
1600 3629 1630 3676 ct
1643 3616 1755 3678 Carrio.

351 3723 401 3783 sod
409 3723 592 3784 Burmannus
603 3723 665 3784 hacc
677 3721 716 3782 ad
731 3721 856 3787 flurium
870 3723 1015 3804 pertinere
1033 3722 1154 3782 censuit.
1178 3722 1232 3782 clr.
1245 3720 1401 3780 adSucton
1419 3719 1520 3778 Gram.
1533 3740 1668 3782 c.1o.-
1688 3720 1727 3779 62
1737 3751 1756 3769 ·

353 3827 403 3900 64.
425 3827 459 3888 G.
470 3835 514 3891 Fr.
528 3849 551 3888 s.
565 3852 593 3892 r.
606 3825 688 3887 Med.
703 3825 789 3906 quia.
803 3845 867 3908 per.
886 3859 929 3874 -
955 3827 1005 3886 65.
1024 3826 1103 3886 Non.
1122 3825 1214 3886 Marc.
1227 3825 1261 3900 4,
1285 3825 1358 3886 128.
1370 3829 1400 3884 cl
1418 3842 1472 3896 ta,
1487 3823 1540 3893 483
1567 3841 1624 3904 pro
1640 3823 1751 3902 portu,

343 3933 437 4011 sortis
456 3938 502 3996 rcl
526 3933 646 3994 Parthis
666 3934 789 4015 legitur,
810 3953 865 4013 pro
893 3932 1076 3993 adstantium
1101 3929 1301 4003 iuuentam,
1330 3932 1377 3990 rel
1395 3925 1428 3984 in
1451 3925 1754 4003 ‹lcimrtpcrstoutium

353 4038 517 4098 manifestas
535 4041 713 4119 corruptelas
729 4039 835 4099 omitto
853 4039 908 4104 cir.
922 4037 1000 4105 Serv,
1017 4036 1090 4102 Aen.
1104 4057 1142 4116 9,
1164 4036 1232 4096 558.
1253 4037 1296 4080 -“
1312 4031 1364 4092 66.
1385 4030 1471 4093 Prisc.
1491 4027 1542 4104 15,
1564 4029 1602 4108 4,
1624 4025 1694 4111 617.
1713 4061 1756 4080 -

354 4141 404 4224 67.
425 4142 467 4201 id.
481 4163 516 4223 7,
537 4141 669 4224 191554·
688 4143 767 4204 Sors.
781 4140 887 4222 Georg.
910 4160 945 4215 1,
960 4139 1028 4199 208.
1049 4136 1134 4196 Proh.
1146 4136 1263 4200 cathol·
1279 4135 1366 4215 1439.
1386 4168 1429 4185 -
1449 4135 1498 4196 68.
1512 4133 1625 4196 Cliaris.
1640 4156 1675 4217 p2
1686 4153 1753 4194 211.

353 4276 394 4304 ¹-
414 4247 464 4329 69.
484 4246 526 4307 id.
537 4269 568 4330 p.
584 4267 649 4328 ¹9²·
668 4278 711 4296 -
731 4265 782 4328 7ο,
799 4241 878 4308 Serv·
890 4243 1011 4317 deul,
1027 4239 1146 4308 385-
1162 4238 1387 4328 71.8οπ.Α“ου.
1401 4240 1520 4315 a,'5oa.
1541 4249 1672 4316 sacrata,
1685 4253 1755 4319 sup·

1306 4383 1356 4460 29
