4570 5316
637 348 705 423 ¹90

632 504 806 581 laborare
826 517 896 593 ,ut
926 499 985 574 illi
1016 523 1133 601 quam
1157 495 1315 599 plurimi
1337 495 1546 572 deberent:
1573 495 1654 572 ioca
1684 511 1800 598 atque
1825 493 1920 569 seria
1947 519 2037 570 cum

631 624 872 703 humillumis
890 641 1015 728 agere:
1040 622 1082 696 in
1098 620 1294 725 operibus,
1307 619 1350 694 in
1367 619 1517 724 agmine
1531 635 1646 724 atque
1664 619 1714 694 ad
1732 619 1877 724 vigilias
1892 619 2037 694 multus

631 750 778 826 adesse:
810 772 936 850 neque
966 743 1138 834 interim,
1164 741 1269 844 quod
1294 767 1410 846 prava
1436 743 1603 840 ambitio¹
1625 741 1737 832 solet,
1761 741 1935 818 Consulis
1968 756 2036 818 aut

631 873 857 974 cuiusquam
877 867 970 943 boni
996 868 1138 942 famam
1156 864 1315 940 laedere:
1342 864 1608 942 tantummodo
1633 891 1758 968 neque
1778 864 1937 940 oonsilio
1969 891 2036 941 ne-

630 1019 706 1098 que
733 1019 851 1068 manu
873 991 1040 1095 priorem
1063 989 1184 1063 alium
1210 987 1319 1091 pati:
1345 987 1544 1092 plerosque
1572 989 1798 1062 antevenire.
1850 987 1947 1085 Quis
1974 1013 2032 1064 re·

580 1118 704 1208 oybus
729 1131 769 1192 et
803 1114 949 1190 artibus
974 1111 1078 1188 brevi
1108 1111 1230 1186 Mario
1263 1110 1525 1212 militibusque
1552 1111 1777 1185 carissumus
1806 1111 1936 1186 factus.
1985 1115 2035 1185 At

628 1237 1053 1344 Iugurtha,postquam
1074 1233 1262 1340 oppidum
1295 1235 1455 1335 Capsam
1483 1232 1653 1336 aliosque
1675 1233 1776 1309 locos
1802 1237 1971 1312 munitos
1997 1253 2034 1314 et

625 1362 699 1444 sibi
729 1359 862 1448 utiles,
894 1359 1073 1434 simulet
1105 1383 1284 1460 magnam
1313 1354 1519 1460 pecuniam
1542 1355 1735 1446 amiserat,
1759 1357 1809 1432 ad
1841 1358 2034 1436 bocchum

627 1484 790 1565 nuncios
820 1482 957 1570 mittit,
991 1508 1110 1584 quam
1140 1481 1312 1584 primum
1338 1479 1380 1554 in
1409 1479 1630 1555 Numidiam
1656 1479 1782 1583 copias
1806 1481 2031 1559 adduceret:

626 1605 751 1712 prelii
782 1603 955 1681 faciundi
989 1619 1137 1707 tempus
1174 1602 1307 1678 adesse.
1360 1601 1487 1699 Quem
1516 1602 1585 1678 ubi
1615 1603 1790 1678 cunctari
1819 1605 1967 1708 accepit
1996 1621 2034 1682 et

567 1789 569 1794 ,
624 1727 789 1806 dubium
804 1727 896 1802 belli
915 1743 1030 1827 atque
1050 1725 1154 1828 pacis
1175 1725 1340 1801 rationes
1360 1722 1530 1802 trabere:
1548 1749 1696 1816 rursus,
1713 1725 1772 1802 uti
1788 1741 1920 1818 antea,
1944 1755 2033 1832 prn-

623 1875 758 1926 xumos
778 1849 859 1924 eius
887 1848 997 1923 donis
1028 1847 1260 1951 corrumpit,
1288 1848 1436 1952 ipsique
1458 1849 1595 1924 Mauro
1617 1848 1823 1954 pollicetur
1842 1851 2031 1928 Numidiae

620 1988 775 2076 partem
796 1970 963 2059 tertiam,
995 1969 1027 2044 si
1061 1985 1130 2044 aut
1154 1971 1317 2046 Romani
1341 1970 1468 2046 Africa
1495 1971 1662 2076 expulsi,
1686 1988 1757 2047 aut
1778 1973 1933 2078 integris
1955 1975 2029 2052 suis

621 2095 788 2184 linibus,
813 2090 959 2167 bellum
984 2091 1237 2196 compositum
1257 2092 1363 2170 foret
1407 2095 1465 2169 Eo
1497 2095 1655 2199 praemio
1677 2095 1839 2172 inleours
1863 2097 2034 2175 Bocchus

623 2245 714 2296 oum
725 2243 866 2320 magna
887 2213 1138 2290 multitudine
1160 2215 1384 2320 Iugurtham
1399 2218 1558 2292 accedit
1597 2222 1655 2294 Ita
1669 2219 1871 2296 amborum
1892 2223 2030 2298 exemi·

624 2359 669 2418 tu
681 2343 908 2428 coniuncto,
932 2337 1100 2414 Marium
1121 2339 1260 2416 iamin
1281 2339 1444 2415 hiberna
1461 2340 1776 2446 proficiscentem,
1801 2343 1865 2418 vix
1883 2344 2027 2421 decima

617 2480 731 2570 ¹pau-te
761 2462 824 2539 die
852 2460 1024 2563 reliqua,
1045 2461 1252 2552 invadunt,
1291 2463 1365 2536 rati
1390 2479 1565 2554 noctem,
1595 2491 1682 2568 quae
1709 2467 1786 2548 iam
1814 2467 1966 2559 aderat,
1991 2486 2028 2544 et

622 2587 729 2664 victis
753 2585 827 2660 sibi
854 2584 1096 2660 munimento
1116 2585 1219 2678 fore3
1243 2602 1298 2676 et,
1323 2587 1355 2662 si
1383 2586 1577 2677 vicissent,
1598 2587 1712 2664 nullo
1728 2589 2025 2692 impedimento,

622 2713 713 2816 quia
743 2709 916 2784 locorum
944 2708 1102 2784 scientes
1125 2725 1261 2784 erant:
1287 2725 1420 2783 contra
1445 2708 1624 2784 Romanis
1653 2727 1863 2815 utrumque
1897 2741 2025 2792 casum

615 2835 665 2912 in
688 2831 850 2910 tenebris
881 2830 1133 2907 difficiliorem
1161 2831 1250 2906 fore.
1294 2832 1416 2935 Igitur
1436 2830 1551 2908 simul
1577 2833 1719 2909 Consul
1738 2860 1795 2910 ,ex
1820 2835 1951 2913 multis
1976 2838 2023 2914 de

621 3055 658 3116 eb
675 3055 755 3116 mello
772 3071 874 3135 rupere
892 3049 962 3134 Teg.
981 3051 1079 3114 Turie.
1101 3072 1198 3134 nupt.
1220 3052 1304 3116 Fabr.
1316 3074 1341 3119 ι.
1361 3075 1463 3136 ηιμ.
1481 3075 1509 3120 a.
1528 3055 1646 3120 Vnt&
1666 3055 1733 3119 Eue.
1755 3056 1854 3126 Guell.
1867 3059 1898 3132 4.
1913 3082 1960 3130 ιο.
1975 3083 2019 3124 ιι.

618 3159 860 3241 prioremulium.
880 3157 973 3217 elirun
992 3177 1053 3216 om.
1069 3155 1186 3216 Fabrie.
1207 3156 1307 3234 quibus
1321 3157 1403 3217 rebus
1422 3167 1450 3217 et
1468 3158 1580 3220 artibus
1592 3159 1679 3222 brevi.
1690 3162 1731 3228 ita
1742 3166 1845 3245 vulgo.
1863 3165 1927 3244 pub
1941 3167 2020 3230 rebus

621 3264 720 3324 Guelf.
731 3268 760 3326 3.
777 3263 946 3340 (omissiset
960 3259 1093 3339 artibus.)
1115 3259 1216 3339 quibu
1226 3260 1337 3322 artium
1355 3261 1460 3322 Frene.
1481 3263 1542 3324 duo
1551 3263 1687 3325 Puteehii.
1706 3265 1775 3326 libri
1790 3267 1881 3350 Cypr.
1897 3271 2020 3354 Poppae.

618 3369 716 3447 pleros
737 3367 906 3426 antevenire
924 3365 1052 3431 sema.
1063 3365 1241 3443 feotmfitit
1258 3365 1357 3427 Guelf.
1369 3387 1396 3426 ι.
1407 3375 1449 3427 eet
1468 3387 1570 3428 omnes
1582 3368 1823 3451 bivii-ignorent.

704 3491 777 3572 Cap.
791 3515 841 3574 97.
862 3495 980 3552 duceret
1000 3493 1146 3554 Commel.
1165 3497 1315 3556 adducere
1334 3495 1433 3562 Gueli.
1451 3517 1477 3555 ι.
1497 3497 1598 3558 Norat.
1614 3497 1702 3559 Palu.
1718 3519 1787 3581 ²27·
1807 3504 1945 3562 &metari
1957 3525 2016 3564 om.

620 3620 696 3661 unns
709 3598 822 3660 Wassii.
842 3597 979 3656 mactari
999 3598 1110 3678 uecepit
1130 3608 1160 3658 et
1172 3600 1242 3659 drab.
1261 3599 1331 3662 vin.
1352 3600 1414 3660 Bes.
1435 3622 1460 3661 ι.
1483 3599 1572 3661 Δωᾶ,
1592 3601 1675 3684 berg.
1696 3601 1793 3662 Guell.
1810 3603 1840 3664 ὅ.
1857 3627 2016 3684 preeuntes

553 3727 557 3734 ·
618 3703 679 3772 abu
699 3721 787 3785 pron.
808 3721 868 3760 om.
891 3699 1000 3762 Fabrie.
1020 3701 1099 3762 Vrat.
1115 3723 1143 3762 a.
1163 3705 1295 3783 corrupit
1314 3707 1448 3766 meliores
1466 3705 1592 3766 Gruteri.
1612 3706 1787 3773 Makna,
1807 3708 1929 3771 interum
1949 3710 2014 3772 Bm.

622 3832 650 3871 ι.
669 3803 907 3890 ipsiquefBoosho
926 3805 1007 3864 leid.
1023 3804 1087 3864 «te.
1098 3807 1119 3864 s.
1128 3825 1156 3888 g.
1170 3805 1202 3866 b.
1213 3809 1234 3865 i.
1246 3829 1285 3872 m.
1297 3827 1329 3867 n.
1356 3811 1443 3870 etiam
1469 3809 1563 3870 Curtii
1582 3811 1706 3892 aliquot.
1737 3811 1793 3892 ipsi
1807 3811 1851 3872 Μ.
1865 3813 1933 3898 Teg.
1956 3827 2015 3877 ter·

618 3911 692 3974 tiam
708 3919 825 3994 partem
843 3907 944 3980 Basa.
965 3906 1035 3990 Τις.
1054 3907 1151 3970 Turio.
1172 3909 1256 3974 Bern.
1277 3932 1303 3970 1.
1332 3912 1385 3972 vu:
1399 3913 1615 3996 deeiuwypurte
1630 3912 1679 3974 die
1701 3915 1813 3994 reliqua
1834 3915 1971 3983 Guelia3.
1980 3941 2013 4002 9.

622 4039 668 4078 re.
694 4017 775 4077 Leid.
791 4037 818 4075 a.
833 4015 863 4074 b.
876 4037 901 4076 e.
915 4014 945 4073 d.
958 4034 983 4072 e.
999 4013 1059 4079 kl.
1074 4034 1115 4072 m.
1137 4014 1189 4074 cfr.
1217 4013 1284 4074 Aul.
1311 4013 1387 4076 Gell.
1406 4039 1436 4098 9.
1454 4019 1499 4089 14.
1530 4019 1621 4078 Mari.
1636 4031 1671 4082 Λ.
1694 4039 1735 4078 m.
1748 4041 1794 4101 pr.
1816 4020 1932 4102 Popmre
1943 4045 2013 4084 orn·

618 4143 678 4189 nes.
698 4131 726 4182 et
746 4120 830 4181 vietis
849 4118 912 4178 lias.
924 4139 948 4177 ι.
971 4123 1072 4179 Frane.
1094 4119 1153 4178 ine.
1171 4139 1197 4178 1.
1218 4119 1302 4179 Rem.
1322 4121 1417 4183 Struv.
1433 4122 1514 4206 berg.
1530 4122 1627 4183 Gueli.
1642 4143 1687 4184 ta.
1708 4124 1785 4182 nulli
1797 4124 1902 4204 imperi,
1917 4127 2010 4190 Gneli.

619 4249 648 4311 7.
669 4225 827 4307 ‹laffoesse
847 4223 995 4284 Febrim.
1014 4223 1117 4283 insert.
1132 4243 1160 4284 a.
1181 4223 1399 4286 Gratianus.
1419 4227 1562 4304 ueejore
1578 4248 1635 4289 neo
1656 4247 1714 4290 esee
1727 4234 2008 4314 agnomnnrsmr.
2064 4231 2069 4241 “
