4560 5338
603 435 724 519 26.

601 613 700 691 lares
717 610 864 688 seeleris
883 610 944 686 sui
966 607 1155 698 afflueret,
1179 604 1344 682 humani
1363 603 1531 710 eorporis
1544 601 1793 708 sanguinem,
1817 597 1909 675 vino
1925 620 2013 700 per·

603 737 791 827 mixtum,
816 734 858 810 in
878 733 1019 838 pateris
1041 729 1338 824 circumtulisse3
1362 728 1454 805 inde
1475 755 1599 834 quum
1609 743 1696 833 post
1714 721 2011 802 exsecrationem

605 885 736 936 omnes
765 857 1074 964 degustarissent,
1105 855 1219 931 sicuti
1236 855 1278 930 in
1296 854 1545 931 sollemnibus
1564 853 1678 930 saeris
1697 849 1780 928 lieri
1798 843 2012 932 consuevit,

604 981 793 1087 aperuisse
812 981 1017 1058 eonsilium
1036 1006 1174 1070 suum,
1198 995 1314 1082 atque
1329 1005 1390 1070 eo,
1414 978 1611 1071 dissitam,
1635 976 1780 1065 secisse,
1806 968 2010 1076 quainter

602 1131 642 1188 se
659 1105 726 1182 fidi
751 1106 869 1211 magis
897 1106 1039 1196 forent,
1064 1105 1162 1182 alius
1189 1104 1257 1179 alii
1282 1103 1381 1180 tanti
1415 1102 1596 1180 facinoris
1620 1101 1771 1179 eonseii.
1820 1089 2009 1174 Nonnulli

603 1228 691 1305 fieta
719 1245 758 1308 et
785 1229 888 1321 haee,
918 1245 957 1306 et
978 1229 1103 1305 multa
1126 1244 1308 1333 praeterea
1332 1227 1616 1304 existumabant
1648 1225 1697 1302 ab
1721 1225 1789 1314 iis,
1813 1221 1883 1326 qui
1905 1217 2010 1296 Ciee·

601 1354 707 1430 renis
727 1353 935 1445 invidiam,
959 1379 1047 1456 quoe
1068 1367 1197 1458 postea
1218 1369 1302 1428 orta
1331 1367 1411 1443 est,
1437 1351 1551 1428 leniri
1576 1349 1783 1428 eludebant
1811 1341 2010 1421 atrocitate

601 1477 750 1560 sceleris
768 1503 923 1568 eorum,
948 1477 1017 1580 qui
1034 1503 1168 1580 poenas
1190 1475 1384 1552 dederant.
1433 1475 1551 1554 Nobis
1573 1501 1618 1552 aa
1646 1499 1703 1550 res
1723 1497 1795 1577 pro
1817 1469 2010 1574 magnitu-

554 1605 593 1666 23
609 1597 701 1678 dine
719 1627 860 1704 parum
880 1617 1073 1705 comperta
1092 1617 1155 1676 est.
1205 1601 1277 1676 Sed
1297 1600 1339 1675 in
1362 1627 1405 1676 ea
1424 1599 1691 1705 conjuratione
1708 1595 1785 1672 fuit
1800 1594 1846 1692 Q.
1865 1591 2012 1679 Curius,

604 1739 718 1800 natus
741 1722 848 1798 baud
873 1723 1035 1798 obscuro
1068 1722 1170 1811 loeo,
1195 1721 1348 1825 flagitiis
1380 1733 1496 1826 atque
1524 1721 1759 1798 facinoribus
1786 1732 2011 1822 coopertus3

602 1873 721 1950 quem
741 1849 921 1924 Censores
934 1854 1079 1921 senatu
1092 1845 1225 1949 probri
1243 1847 1364 1951 gratia
1385 1863 1614 1923 amoverant
1647 1842 1911 1922 Huiebomini
1927 1867 2007 1916 non

599 1971 734 2046 -minor
754 1970 903 2046 vanitas
924 1969 1064 2060 inerat,
1090 1995 1209 2072 quam
1226 1969 1386 2046 audacia
1397 2003 1408 2066 3
1432 1997 1559 2076 neque
1575 1971 1751 2061 reticere,
1773 1993 1861 2073 quae
1879 1964 2010 2042 audie·

604 2109 685 2184 rat,
711 2119 837 2197 neque
863 2107 1011 2169 suamet
1030 2091 1109 2197 ipse
1138 2093 1278 2170 scelera
1305 2093 1514 2186 occultare,
1537 2120 1692 2200 prorsus
1716 2117 1843 2197 neque
1866 2091 2009 2178 dicere,

604 2297 717 2360 Fabrie.
735 2319 762 2359 2.
782 2298 864 2359 Leid.
879 2319 920 2358 m.
941 2297 1079 2360 adieeret.
1100 2300 1188 2383 louge
1200 2282 1323 2380 plnriini
1335 2298 1431 2360 Codd.
1452 2299 1602 2364 adiiceret.
1614 2301 1685 2364 Tur.
1700 2320 1729 2361 2.
1757 2298 1899 2378 adigam
1911 2293 2008 2358 Oxou·

603 2387 762 2464 leidae.
783 2403 943 2464 addiceret.
964 2405 1060 2466 Stnrv.
1080 2401 1171 2465 dead.
1198 2402 1295 2464 Gueli.
1310 2427 1338 2486 7.
1354 2405 1383 2466 8.
1395 2427 1425 2487 9.
1443 2427 1489 2468 ιο.
1507 2427 1552 2467 ι2.
1581 2403 1682 2478 Baad.
1714 2403 1795 2465 Leid.
1809 2403 1839 2463 b.
1855 2405 1876 2463 i.
1902 2402 2009 2462 sobm-

600 2507 715 2587 pndius.
734 2507 846 2569 Fabrie.
864 2529 889 2567 ι.
917 2509 984 2568 Seu.
1002 2530 1027 2569 ι.
1049 2506 1147 2569 Guell.
1162 2529 1189 2568 2.
1205 2507 1234 2570 3.
1246 2509 1275 2581 l.
1291 2509 1319 2569 5.
1339 2509 1401 2569 Bas.
1415 2531 1441 2569 ι.
1460 2511 1644 2574 solemnibus.
1665 2512 1732 2572 Eee.
1752 2510 1853 2572 Heus.
1874 2507 1971 2568 Guelf.
1982 2527 2007 2567 1.

590 2634 632 2694 ·9.
650 2634 695 2674 11.
715 2612 910 2675 sollemnibus.
929 2613 998 2674 Vin.
1018 2634 1043 2673 1.
1064 2612 1464 2692 atqrmodietitareseeisse.
1486 2612 1548 2678 bae
1561 2627 1625 2699 opt.
1640 2615 1738 2679 Codd.
1757 2618 1855 2678 laetio.
1874 2611 1924 2678 sed
1938 2609 2006 2674 libri

602 2739 692 2800 quam
710 2720 835 2779 maxime
846 2720 969 2780 variant.
989 2717 1128 2778 dietalare
1141 2737 1204 2780 rem
1216 2739 1300 2779 suam
1307 2719 1372 2796 see.
1392 2719 1478 2780 Bern.
1501 2721 1529 2782 3.
1551 2731 1637 2800 atqtoe
1654 2741 1688 2783 eo
1700 2721 1813 2784 dietam
1828 2719 2006 2798 remseeisse.

601 2821 700 2883 Gueli.
718 2845 742 2883 ι.
761 2842 788 2883 2.
809 2823 878 2882 vin.
896 2843 923 2882 2.
944 2821 1015 2881 Fab.
1030 2841 1057 2882 2.
1078 2843 1185 2882 mssa.
1205 2823 1287 2882 Leid.
1299 2823 1359 2883 ei.
1381 2821 1465 2883 Bern.
1480 2841 1507 2882 1.
1519 2823 1667 2888 duollivii
1680 2825 1927 2908 meoptlleroald.
1938 2822 2006 2886 die.-

603 2935 649 2986 tas
664 2933 717 2987 r‘es.
738 2926 800 2986 Bas.
811 2925 840 2997 d.
861 2924 958 2985 Gueli.
973 2945 1019 2984 ιο.
1039 2924 1180 2984 distante.
1201 2925 1270 2986 Tur.
1288 2947 1315 2986 2.
1336 2927 1461 2988 dictare.
1476 2927 1574 2990 Gueli.
1584 2953 1613 3012 7.
1624 2931 1653 2994 8.
1665 2953 1695 3012 9.
1708 2950 1753 2992 ιι.
1773 2931 1841 2992 Son.
1855 2935 1890 2992 2.Ι
1904 2929 2004 2990 Heus.

589 3029 716 3090 nasse
732 3051 759 3095 2.
780 3051 821 3088 m.
833 3049 879 3110 pr.
900 3029 969 3111 Teg.
982 3050 1023 3088 m.
1036 3047 1092 3089 see.
1112 3027 1197 3089 Bern.
1212 3051 1239 3089 2.
1260 3029 1439 3094 dictitavere.
1457 3033 1555 3094 Gueli.
1568 3033 1597 3096 3.
1611 3035 1719 3113 saeuae
1731 3038 1828 3098 omitt.
1842 3036 1927 3098 Paris.
1940 3056 1968 3096 a.
1979 3055 2004 3094 e.

601 3133 691 3194 dead.
713 3134 777 3217 (qui
795 3145 824 3194 et
840 3133 988 3194 ‹lietitasse
1004 3131 1114 3212 babet.)
1134 3123 1273 3196 dictitare
1290 3155 1413 3197 erasum.
1433 3136 1503 3198 Tur.
1519 3159 1544 3199 ι.
1566 3139 1662 3200 Gueli.
1677 3161 1722 3200 ι2.
1733 3141 1798 3218 sadi
1806 3142 2004 3221 mag.sorent.

602 3239 703 3300 Vinar.
721 3262 747 3300 ι.
768 3239 827 3300 ἱιιο.
841 3260 868 3299 2.
890 3237 989 3299 Guelf.
1004 3258 1030 3297 ι.
1041 3238 1071 3309 d.
1084 3239 1112 3298 5.
1127 3259 1173 3298 ιο.
1194 3236 1262 3300 Τιιι.
1278 3260 1304 3299 ι.
1315 3259 1342 3301 2.
1363 3239 1449 3302 Bern.
1462 3262 1488 3302 ι.
1509 3242 1590 3303 Leia
1602 3243 1631 3304 k.
1643 3267 1684 3305 m.
1696 3267 1727 3305 n.
1749 3246 1835 3306 Paris.
1855 3253 1886 3306 et
1899 3244 1964 3306 hae
1975 3253 2003 3304 et

603 3343 706 3401 multa.
727 3343 789 3402 Bas.
803 3365 828 3403 ι.
848 3343 907 3403 Erl.
927 3343 997 3403 Tur.
1010 3363 1036 3404 ι.
1056 3343 1141 3404 Bam.
1155 3363 1180 3402 ι.
1193 3341 1221 3404 3.
1244 3343 1325 3405 Leid.
1335 3343 1393 3405 k.1.
1414 3353 1443 3406 et
1457 3347 1550 3408 multa
1564 3359 1717 3430 praterea.
1738 3371 1840 3412 ornnes
1854 3350 1912 3410 lere
1925 3347 2002 3416 libri.

602 3445 639 3506 ab
654 3446 709 3505 his.
729 3445 790 3504 Bas.
809 3468 834 3506 ι.
851 3449 917 3518 nl.
937 3448 997 3507 Erl.
1017 3447 1087 3506 Tur.
1104 3447 1261 3508 r.a.Bern.
1276 3469 1301 3510 ι.
1314 3470 1342 3511 2.
1363 3449 1429 3514 iuis·
1451 3451 1553 3514 baad.
1567 3455 1750 3516 estinmbant.
1770 3455 1840 3518 Tur.
1857 3475 1883 3516 ι.
1904 3477 1946 3515 ιιι.
1956 3472 2003 3537 pr.

602 3549 819 3611 existimabant.
840 3549 902 3609 Bas.
919 3571 945 3609 ι.
966 3569 1060 3632 comp.
1071 3559 1121 3611 est.
1141 3560 1183 3612 est
1197 3552 1274 3613 delet
1289 3553 1371 3614 Leid.
1385 3575 1416 3615 ιι.

686 3674 760 3758 Cap.
776 3675 823 3738 23.
843 3675 1041 3738 consentione.
1064 3676 1162 3738 Guell.
1176 3681 1203 3743 5.
1224 3679 1308 3740 Rern.
1324 3702 1351 3742 2.
1372 3683 1457 3746 Febr.
1475 3704 1503 3744 2.
1525 3687 1612 3772 etiam
1627 3643 1723 3750 Guelf.
1739 3711 1765 3750 ι.
1786 3701 1815 3751 et
1826 3689 1896 3752 Vin.
1909 3711 1934 3750 ι.
1955 3711 2001 3772 pr.

602 3805 643 3843 m.
664 3781 869 3845 aestimatione
887 3782 987 3863 legisse
1002 3801 1064 3841 non
1088 3783 1235 3844 ridentur.
1261 3786 1346 3846 Paris.
1363 3787 1393 3848 d.
1421 3790 1625 3855 maiarattbne
1649 3806 1752 3874 prater
1776 3803 1884 3856 eeteros
1904 3793 2003 3855 Codd.

599 3889 688 3949 etiam
702 3887 816 3949 Nonius
834 3884 957 3947 exbibet.
979 3885 1008 3956 d.
1024 3906 1092 3947 2ο2.
1115 3897 1201 3948 nanas
1212 3889 1290 3950 delet
1309 3891 1391 3952 leid.
1403 3914 1429 3954 e.
1445 3897 1529 3977 flag.
1541 3903 1700 3978 atqaefae.
1720 3902 1914 3978 atqueomitt.
1933 3901 2002 3964 Sen.

603 4014 629 4052 ι.
650 3992 731 4058 Leid.
744 4013 770 4052 e.
790 3999 941 4072 coopertus
961 3990 1013 4051 eir.
1024 3987 1091 4051 Aul.
1102 3991 1178 4052 Gell.
1187 3993 1226 4052 11.
1244 4015 1290 4076 ¹7·
1310 4015 1331 4055 a
1343 4005 1454 4060 sanant.
1474 4000 1559 4062 Rem.
1574 4023 1598 4064 ι.
1619 4006 1681 4065 ἱιιο.
1701 4005 1797 4067 strar.
1811 4005 1917 4066 Vina.
1927 4003 2000 4090 Eae.

599 4095 697 4156 Guell.
713 4119 740 4178 7.
753 4097 781 4156 8.
795 4117 825 4176 9.
840 4116 885 4154 ιο.
902 4115 947 4154 ιι.
963 4113 1008 4155 ι2.
1029 4095 1100 4156 item
1114 4116 1144 4154 ι.
1158 4096 1224 4157 etd.
1245 4118 1287 4157 m.
1297 4120 1362 4162 see:
1373 4101 1435 4164 Bas.
1448 4110 1476 4169 3.
1497 4106 1582 4168 Paris.
1592 4107 1622 4174 b.
1634 4129 1658 4174 e.
1679 4108 1761 4174 Leid.
1771 4108 1838 4169 ab.
1850 4110 1870 4168 l.
1883 4107 1915 4169 b.
1929 4107 1998 4168 Tur.

601 4219 629 4260 2.
650 4198 735 4259 bern.
749 4219 775 4260 2.
796 4209 947 4262 moverant
962 4219 1038 4260 unus
1048 4197 1145 4262 stiva·
1156 4201 1256 4262 Vinar.
1268 4223 1297 4266 2.
1317 4203 1386 4267 Τοι.
1399 4227 1429 4269 ι.
1449 4231 1491 4272 m.
1505 4231 1551 4295 pr.
1571 4213 1814 4277 vanitasiaerats
1829 4213 1932 4275 'imai
1946 4214 2001 4275 de-

598 4315 649 4367 est.
669 4303 736 4366 Sen.
751 4326 777 4366 ι.
797 4305 935 4369 eiusloeo
947 4309 1049 4391 glossa.
1068 4305 1145 4386 fait
1167 4306 1355 4375 defuitetiam
1377 4311 1475 4377 Guell.
1487 4335 1516 4380 2.
1537 4337 1635 4400 napr.
1656 4319 1736 4380 hom.
1756 4319 1862 4383 aare.
1890 4319 1952 4381 saa
1971 4337 1998 4382 2.
