4560 5338
1648 441 1695 514 33

289 573 456 651 Marcius
473 577 551 654 Rex
564 573 743 675 Faesulas,
761 585 812 684 Q.
833 589 1008 669 Metellus
1031 597 1199 674 Creticus
1215 601 1257 676 in
1276 605 1459 708 Apuliam
1475 610 1697 716 circumque

292 722 336 772 ea
355 697 439 774 loca
462 702 588 778 missi:
614 703 658 780 hi
680 709 835 814 utrique
857 713 907 789 ad
926 718 1062 793 urbem
1081 722 1330 825 Imperatores
1354 749 1480 824 erant,
1502 733 1695 838 impediti,

291 845 342 896 ne
377 822 689 929 triumpharent,
724 832 919 912 calumnia
956 866 1199 943 paucorum,
1234 851 1375 950 quibus
1411 857 1540 930 omnia
1576 857 1696 936 bone-

288 959 345 1018 sta
372 962 489 1049 atque
515 948 716 1028 inhonesta
742 958 904 1036 vendere
938 990 1017 1038 mos
1039 983 1130 1042 erat.
1193 971 1265 1062 Sed
1295 977 1473 1052 Praetores
1513 979 1558 1077 Q.
1584 983 1695 1058 Potn-

216 1099 219 1104 ’
288 1067 396 1170 peius
427 1071 548 1150 Rufus
579 1077 779 1181 Capuam,
821 1083 868 1178 Q.
896 1086 1072 1164 Metellus
1101 1091 1209 1168 Celer
1243 1095 1287 1172 in
1320 1125 1455 1202 agrum
1491 1100 1694 1200 Picenum-3

288 1187 424 1296 bisque
451 1198 699 1298 permissum,
734 1204 793 1279 uti
820 1234 891 1309 pro
925 1225 1095 1316 tempore
1126 1233 1248 1321 atque
1278 1221 1451 1323 periculo
1485 1226 1695 1307 exercitum

290 1337 574 1419 compararent3
597 1323 645 1398 ad
670 1322 762 1417 hoc,
796 1329 828 1404 si
855 1332 940 1432 quis
966 1335 1204 1441 indicavisset
1222 1339 1273 1416 de
1298 1345 1584 1439 coniuratione,
1607 1373 1694 1452 quae

289 1455 422 1514 contra
444 1445 723 1546 rempublicam
743 1448 842 1526 facta
866 1472 964 1547 erat,
989 1461 1192 1562 praemium
1215 1489 1321 1540 servo
1340 1466 1559 1544 libertatem
1579 1486 1620 1546 et
1640 1497 1695 1547 se-

262 1588 264 1598 ¹
289 1561 417 1636 startia
437 1582 615 1641 centum:
640 1569 761 1646 libero
781 1573 1052 1678 impunitatem
1071 1585 1151 1662 eius
1177 1587 1231 1662 rei
1257 1605 1294 1663 et
1318 1589 1484 1664 sestertia
1505 1591 1695 1688 ducenta,

288 1681 455 1787 itemque
473 1686 686 1782 decrevere,
725 1695 784 1772 uti
811 1699 1047 1803 gladiatoriae
1065 1705 1220 1784 familiae
1248 1713 1421 1813 Capuam
1441 1727 1481 1785 et
1500 1714 1543 1788 in
1571 1731 1694 1792 cetera

289 1808 499 1913 municipia
518 1811 839 1893 distribuerentur
864 1850 935 1926 pro
957 1827 1142 1932 cuiusque
1162 1831 1322 1935 opibus:
1346 1836 1475 1908 Romae
1489 1862 1560 1939 per
1574 1853 1694 1914 totam

288 1928 424 2005 urbem
442 1933 581 2038 vigilia
600 1935 854 2031 haberentur,
881 1945 1003 2048 iisque
1032 1952 1198 2028 minores
1218 1956 1459 2059 magistratus
1484 1978 1694 2060 praeessent.

166 2082 170 2088 ·
289 2052 439 2150 Quibus
466 2057 577 2132 rebus
599 2079 771 2163 permota
793 2065 948 2160 civitaS,
972 2087 1088 2178 atque
1111 2076 1317 2174 immutata·
1338 2080 1444 2177 urbis
1463 2079 1576 2157 facies
1596 2101 1738 2180 erat331

286 2200 332 2251 ex
351 2202 499 2253 summa
520 2181 658 2302 loetitia·
675 2201 790 2289 atque
818 2187 992 2285 lascivia,
1017 2223 1104 2299 quae
1130 2200 1316 2276 diuturna
1341 2204 1453 2310 quies·
1476 2223 1692 2313 pepererat,

285 2394 311 2439 ο·
329 2373 360 2436 d·
376 2395 405 2460 ι·
422 2399 504 2444 un·
525 2380 672 2460 caloda-
693 2382 755 2442 a...
771 2407 796 2445 ι.
810 2389 878 2458 2-t.
900 2389 1180 2473 stammam
1202 2395 1299 2459 enar.
1311 2400 1338 2465 5.
1358 2401 1419 2462 aa.
1441 2403 1553 2484 taqua
1566 2403 1691 2464 aem...

288 2477 488 2562 hupoeperm.
507 2483 576 2567 Teg.
595 2486 657 2546 Bas.
672 2508 696 2545 ι.
712 2509 817 2557 maer.
843 2493 906 2557 Bas.
917 2514 944 2553 a.
955 2496 984 2566 4.
1004 2500 1194 2564 omnesLeid.
1214 2503 1284 2562 Tar.
1300 2524 1326 2562 1.
1340 2524 1369 2563 a.
1383 2507 1507 2569 Bem.3.
1526 2528 1622 2588 parm.
1641 2517 1691 2568 est.

288 2581 367 2650 leid.
384 2584 415 2644 b.
437 2587 459 2646 t'.
481 2606 509 2666 g.
532 2587 553 2646 i.
572 2611 613 2654 ιιι.
646 2592 708 2658 Bas.
731 2613 759 2654 ι.
776 2595 805 2660 3.
834 2597 919 2657 Bern.
934 2598 964 2658 3.
991 2599 1157 2664 indicasset.
1181 2605 1249 2686 rag.
1275 2606 1338 2666 llas.
1356 2608 1386 2669 3.
1413 2611 1483 2674 Tur.
1506 2633 1533 2672 ι.
1562 2611 1648 2675 Bam.
1667 2630 1693 2676 1.

287 2685 367 2748 leid.
383 2690 411 2756 k.
437 2690 594 2771 proemium
606 2696 765 2757 deerevere.
792 2701 851 2764 inc.
867 2721 892 2766 1.
913 2701 976 2764 Bas.
986 2724 1016 2764 ι.
1036 2704 1107 2772 Tur.
1122 2727 1151 2766 ι.
1171 2707 1258 2768 Fabr.
1273 2729 1302 2770 a.
1330 2710 1397 2772 Seu.
1413 2735 1438 2773 ι.
1464 2714 1516 2780 de.
1544 2714 1613 2776 Eoo.
1633 2713 1693 2778 tta.

285 2791 366 2852 Leid.
382 2794 402 2858 i.
418 2815 450 2855 n.
469 2797 595 2874 proemia
606 2800 688 2860 deor.
708 2801 803 2864 Strur.
824 2804 924 2866 Heuss.
956 2807 1055 2870 Guell.
1071 2832 1099 2893 7.
1111 2811 1139 2872 8.
1160 2812 1229 2896 Τις.
1256 2811 1340 2873 Bam.
1354 2836 1382 2880 ι.
1397 2815 1426 2876 3.
1452 2817 1560 2878 Vina.
1589 2818 1694 2878 deota-

286 2917 350 2957 νινε
363 2899 440 2958 inter
453 2901 552 2960 lineas.
573 2901 670 2962 Guell.
685 2925 711 2963 a.
725 2908 754 2978 4.
773 2911 854 2969 deor.
865 2933 969 2991 pram.
991 2915 1053 2974 Bas.
1063 2917 1091 2977 3.
1111 2937 1214 2999 prtem.
1230 2921 1404 2980 constituere
1415 2921 1533 2981 sidera.
1555 2919 1653 2982 Guelf.
1663 2921 1693 2981 6.

286 3000 373 3062 simul
388 3005 541 3064 deerevere
557 3024 638 3066 servo
652 3007 814 3072 libertatem
829 3016 918 3078 libero
929 3018 1132 3100 impunitatem
1146 3033 1173 3081 et
1188 3025 1384 3084 satertioram
1396 3021 1460 3083 CC.
1469 3023 1562 3085 milio.
1582 3023 1652 3086 Tur.
1664 3045 1693 3084 ι.

288 3107 417 3167 munia
431 3117 560 3167 ceruum.
581 3107 678 3169 Guell.
690 3114 718 3172 5.
739 3115 800 3176 llas.
819 3140 844 3180 ι.
863 3120 932 3181 Vin.
948 3144 974 3182 1.
996 3124 1074 3212 deest
1087 3127 1119 3185 in
1135 3125 1204 3208 Τις.
1229 3127 1309 3189 Leid.
1321 3150 1347 3188 a.
1370 3128 1519 3189 walia.
1547 3128 1646 3188 Guelt'.
1662 3128 1691 3189 3.

288 3211 317 3271 6.
324 3234 351 3294 7.
359 3233 442 3294 9.1o.
452 3214 510 3272 ino.
531 3213 628 3274 Struv.
642 3213 711 3276 Son.
728 3239 753 3279 1.
774 3221 837 3282 Bas.
852 3223 881 3284 3.
901 3225 970 3286 Ecc.
983 3230 1300 3292 etramumsertereio.
1311 3241 1341 3291 et
1351 3241 1468 3292 serratus
1476 3232 1610 3292 consulto
1619 3231 1692 3293 labo-

287 3324 409 3386 ro.Tur.
423 3330 601 3392 narrarit.
622 3330 720 3392 Guelf.
733 3330 761 3390 8.
782 3327 833 3389 dc.
852 3330 995 3410 premia,
1005 3331 1253 3396 lamnamarvo
1269 3343 1298 3394 et
1314 3344 1432 3396 centum
1443 3336 1583 3396 mania.
1604 3335 1690 3398 Bam.

292 3450 317 3489 ι.
336 3450 360 3491 ι.
376 3450 403 3492 e.
423 3434 508 3494 Rem.
522 3456 547 3494 1.
563 3435 661 3496 Guels.
681 3457 729 3494 ιι.
750 3453 788 3494 er
801 3443 917 3494 senalus
930 3436 1072 3496 consulto.
1094 3435 1192 3498 Guels.
1207 3459 1233 3497 ι.
1245 3458 1275 3499 r.
1295 3441 1424 3499 ducem
1443 3439 1527 3500 malda
1545 3441 1693 3504 ratario

288 3554 363 3595 rum.
382 3537 450 3598 Seu.
462 3559 489 3598 ι.
510 3541 609 3602 Herus.
639 3540 732 3600 libert.
754 3547 881 3599 centum.
901 3537 986 3598 bem.
998 3539 1027 3599 3.
1053 3559 1134 3602 serra
1151 3541 1314 3604 libertatem
1329 3544 1420 3604 labero
1434 3554 1490 3605 ete.
1510 3545 1579 3606 Vin.
1597 3555 1691 3626 uterq.

287 3637 348 3704 Bas.
364 3661 393 3700 ι.
412 3643 543 3704 sestertia
558 3647 696 3705 ducenta
718 3640 780 3703 bar
802 3644 907 3724 optim.
929 3642 1026 3704 Codd.
1048 3647 1145 3712 lectio.
1170 3647 1367 3708 aerariorum
1386 3658 1431 3707 tor
1449 3649 1577 3710 duanae
1597 3647 1690 3712 milia

288 3743 384 3804 Gurll.
399 3768 424 3811 1.
440 3767 469 3806 a.
500 3749 562 3810 Par.
578 3771 605 3808 a.
625 3748 715 3808 Febr.
734 3769 759 3807 1.
774 3749 847 3808 'Sem
871 3769 898 3828 ι.
920 3748 1019 3809 lleuss.
1038 3749 1112 3810 Vin.
1123 3770 1151 3811 a.
1180 3750 1289 3812 dread.
1307 3751 1437 3813 sestertr'rt
1452 3754 1579 3811 ώιοειιιιι
1597 3749 1693 3810 millis.

289 3848 385 3916 Guels.
398 3850 466 3922 Μ.
482 3852 510 3917 5.
525 3853 554 3912 6.
570 3875 599 3934 7.
614 3875 644 3936 9.
664 3875 709 3912 ιι.
730 3853 810 3914 Laid.
824 3855 845 3914 l.
865 3853 951 3916 Bern.
967 3875 992 3912 ι.
1012 3855 1071 3916 ine.
1092 3855 1227 3916 Romam.
1255 3876 1358 3918 onmes
1370 3856 1432 3918 Βιι.
1458 3855 1554 3917 Struv.
1573 3854 1642 3917 vin.
1659 3872 1689 3914 ι.

288 3953 372 4014 Parit.
386 3955 416 4014 d.
436 3955 504 4018 Eoo.
524 3957 661 4018 amma.
672 3957 813 4019 sestertio.
833 3955 919 4022 Rern.
933 3957 963 4018 3.
983 3957 1043 4017 er.
1061 3959 1260 4020 sestertiorum
1274 3958 1442 4020 camilia
1462 3957 1535 4020 Feb.
1546 3975 1574 4018 ι.
1589 3957 1688 4022 Graii.

291 4078 336 4119 ιο.
356 4058 426 4141 Tag.
452 4059 537 4124 llam·
553 4083 579 4123 a·
599 4064 640 4124 ita
655 4073 684 4122 at
701 4061 798 4124 Guell.
818 4062 846 4120 5.
870 4082 951 4142 apr.
968 4085 1009 4124 m.
1026 4061 1226 4130 emendatum.
1251 4061 1381 4142 lumea
1394 4067 1555 4132 decreverat.
1587 4081 1690 4125 omres

287 4163 345 4224 tu·
358 4163 436 4229 libri.
454 4163 550 4244 itaqua
558 4169 638 4228 deor.
659 4167 721 4227 Bas.
737 4188 762 4227 ι.
775 4187 803 4228 a.
816 4165 916 4245 &aas
929 4164 1002 4228 ιιιίη.
1013 4165 1073 4226 er.
1084 4165 1146 4230 Bas.
1159 4187 1184 4226 1.
1197 4165 1267 4226 Tur.
1279 4187 1309 4226 ι.
1320 4167 1405 4227 Bern.
1415 4165 1444 4227 3.
1456 4164 1576 4244 luitque.
1587 4161 1688 4239 ΒΜ.

372 4265 445 4350 Cap.
461 4268 511 4330 31.
528 4267 627 4348 saciet
644 4281 729 4332 ,er-ot:
750 4273 988 4332 aratomitatunt
1014 4269 1081 4330 Etr.
1102 4269 1186 4329 Bodl.
1213 4269 1273 4336 Erl.
1293 4271 1371 4334 Edit.
1404 4271 1491 4332 Parit.
1508 4272 1577 4349 saa.
1600 4273 1689 4341 urbt't.

288 4391 390 4434 omnes
396 4373 478 4434 laid.
494 4373 686 4452 urbissaeier.
706 4371 765 4436 boe
778 4373 882 4434 ordine
902 4372 984 4434 Gort.
1003 4393 1038 4434 ax
1051 4373 1246 4433 vetmtirsimis
1263 4373 1365 4435 edidit.
1388 4374 1433 4437 Ita
1444 4374 1513 4460 Τις.
1534 4375 1610 4444 Edit.
1632 4375 1688 4452 Pa·

1296 4475 1320 4554 5
