4582 5320
628 370 678 448 56

622 585 726 646 sunt.
767 564 944 664 Plerique
966 589 1113 648 eorum,
1144 560 1210 661 qui
1232 563 1321 632 aute
1348 584 1408 632 me
1428 557 1632 634 sententias
1655 557 1860 644 dixerunt,
1882 581 2036 659 compo-

627 697 697 771 site
716 709 832 792 atque
860 684 1058 788 magnilica
1079 708 1208 756 casum
1233 682 1454 784 reipublicae
1480 682 1646 756 miserati
1674 697 1788 756 sunt:
1828 705 1916 780 quae
1946 679 2036 754 belli

625 818 767 895 eaevitia
801 827 909 896 esset,
936 835 1021 910 quae
1041 807 1146 880 victis
1171 805 1399 895 acciderent,
1425 831 1716 899 enumeravere3
1747 801 1831 906 rapi
1858 803 2036 908 virgines,

625 965 785 1050 qrueros:
807 932 936 1012 divelli
962 932 1098 1004 liberos
1118 957 1140 1002 a
1158 945 1364 1030 parentum
1388 930 1610 1034 complexu:
1641 945 1779 1004 matres
1801 931 2035 1006 familiarum

624 1069 728 1175 pati,
754 1087 839 1166 quae
865 1055 1071 1131 victoribus
1093 1052 1378 1127 collibuissent:
1408 1051 1498 1126 fana
1524 1069 1640 1155 atque
1660 1052 1792 1128 domos
1812 1055 2038 1160 exspoliari3

623 1191 770 1268 caedem
786 1245 795 1276 ,
810 1179 989 1259 incendia
1013 1177 1115 1269 steri3
1131 1193 1320 1279 postremo
1342 1175 1467 1265 armis,
1480 1175 1746 1266 cadaveribus,
1762 1203 1913 1268 cruore,
1926 1195 2038 1280 atque

625 1316 739 1391 luctu
760 1308 889 1387 omnia
916 1301 1107 1406 compleri.
1143 1299 1231 1388 Sed,
1263 1326 1332 1402 per
1350 1301 1450 1374 Deos
1476 1298 1717 1374 immortalis!
1752 1328 1830 1403 quo
1861 1301 1929 1376 illa
1959 1329 2038 1377 ora·

629 1441 684 1513 tio
703 1432 918 1542 pertinuitl
955 1454 1022 1514 an,
1052 1425 1110 1499 uti
1139 1448 1202 1498 vos
1226 1421 1380 1498 infestos
1415 1422 1674 1497 coniurationi
1701 1422 1864 1498 faceret?
1898 1423 2039 1499 scilicet

624 1588 745 1664 quem
766 1583 822 1632 res
844 1569 950 1628 tanta
974 1567 1088 1650 atque
1109 1563 1188 1622 tam
1203 1563 1312 1620 atrox
1333 1547 1631 1662 nonlpermovit,
1660 1572 1749 1620 eum
1768 1545 1890 1621 oratio
1910 1573 2039 1622 accen·

624 1686 700 1760 det.
735 1675 826 1756 ‘Non
848 1680 902 1750 ita
920 1691 993 1765 est3
1026 1698 1151 1772 neque
1173 1669 1357 1770 cuiquam
1386 1668 1609 1745 mortalium
1633 1668 1789 1744 iniuriae
1812 1695 1889 1746 suae
1918 1695 2039 1774 parvae

625 1809 832 1884 ridentur:
856 1797 972 1873 multi
994 1819 1054 1869 eas
1076 1794 1224 1897 gravius
1241 1817 1351 1893 aequo
1370 1789 1548 1866 habuere.
1590 1792 1663 1867 Sed
1682 1793 1757 1867 alia
1779 1793 1864 1868 aliis
1887 1793 2039 1870 licentia

629 1948 700 2016 est,
734 1933 861 2000 Patres
885 1917 1110 2019 conscripti3
1143 1905 1212 2018 qu'i
1237 1914 1386 1998 demissi
1418 1915 1459 1988 in
1485 1901 1650 1990 'obscuro
1674 1915 1791 1990 vitam
1818 1913 1984 2007 habent,
2012 1917 2041 1991 si

624 2052 727 2154 quid
748 2043 949 2124 iracundia
974 2039 1187 2140 deliquere,
1220 2038 1503 2141 paucisciunt3
1533 2037 1633 2112 lama
1664 2055 1779 2142 atque
1803 2039 1959 2114 fortuna
1985 2065 2043 2114 eo-

626 2203 718 2250 rum
740 2195 848 2277 pares
872 2181 983 2242 sunt:
1021 2157 1088 2268 qui
1113 2187 1250 2264 magno
1277 2162 1437 2264 imperio
1471 2161 1621 2263 prediti
1648 2164 1690 2237 in
1719 2161 1863 2238 excelso
1894 2179 2042 2238 oetatem

623 2287 773 2403 agunt,
801 2317 936 2368 eorum
958 2287 1057 2362 facta
1086 2285 1216 2358 cun'cti
1241 2283 1417 2358 mortales
1439 2311 1584 2358 novere.
1626 2289 1681 2357 Ita
1706 2285 1748 2358 in
1774 2312 1951 2360 maxuma
1971 2285 2044 2360 lor-

629 2439 746 2510 tuna,
774 2417 948 2493 minuma
973 2409 1126 2484 licentia
1145 2424 1220 2499 ¹est;
1244 2434 1368 2508 neque
1388 2407 1559 2496 studere,
1584 2434 1709 2510 neque
1725 2409 1858 2498 odisse,
1883 2409 1948 2484 sed
1975 2409 2044 2482 mi-

627 2570 747 2622 nume
760 2539 871 2615 irasci
899 2537 1024 2624 docet3
1045 2557 1135 2634 'quae
1153 2531 1258 2634 apud
1278 2531 1371 2605 alios
1390 2531 1591 2608 iracundia
1615 2531 1775 2622 dicitur,
1801 2560 1844 2607 ea
1865 2534 1907 2606 in
1926 2534 2044 2636 impe·

628 2669 687 2743 rio
706 2664 883 2770 superbia
906 2676 1021 2759 atque
1046 2654 1250 2729 crudelitas
1278 2654 1504 2758 adpellatur.
1553 2655 1747 2756 Equidem
1768 2683 1835 2761 ego
1858 2657 1911 2731 sic
1937 2673 2045 2732 restu-

628 2821 710 2880 m0‚
734 2794 861 2864 Patres
894 2779 1118 2882 conscripti,
1145 2779 1266 2851 omnis
1298 2778 1489 2852 cruciatus
1510 2778 1696 2868 minores,
1726 2807 1843 2880 quam
1870 2775 2039 2854 facinora
2112 2840 2115 2856 .

627 2972 673 3030 iis.
695 2968 792 3028 Gucll.
808 2969 838 3026 5.
861 2983 963 3023 omnes
975 2956 1055 3018 Laid.
1084 2955 1196 3014 scottia
1214 2965 1291 3015 arsat.
1304 2957 1390 3032 soret
1406 2955 1468 3014 Bas.
1483 2955 1512 3016 3.
1533 2968 1623 3016 essent
1641 2958 1711 3017 Tur.
1729 2979 1756 3018 a.
1776 2969 1816 3018 est
1839 2980 1914 3020 unus
1933 2960 2045 3018 Wassii.

628 3077 733 3136 liberos
750 3095 779 3132 a.
795 3093 862 3152 par,
884 3068 1050 3150 parentium
1068 3063 1128 3121 Bas.
1145 3063 1173 3122 3.
1195 3059 1373 3123 collibuisset.
1396 3059 1479 3118 Bern.
1498 3079 1524 3118 2.
1546 3061 1649 3120 domos
1661 3063 1783 3140 spoliari
1800 3083 1882 3122 omn.
1900 3065 1957 3122 lere
1969 3063 2048 3123 Cor-

630 3184 663 3243 tii
681 3179 758 3240 libri.
778 3177 861 3237 Laid.
876 3197 901 3234 c.
918 3196 942 3232 a.
960 3171 990 3230 h.
1004 3171 1024 3229 i.
1040 3170 1067 3228 k.
1087 3173 1106 3226 l.
1127 3190 1167 3226 m.
1190 3165 1276 3223 multi
1292 3165 1395 3224 Wassii
1413 3163 1509 3222 Codd.
1539 3163 1600 3223 Bas.
1614 3187 1638 3224 1.
1652 3186 1678 3224 a.
1699 3166 1768 3227 Tur.
1785 3189 1809 3226 ι.
1823 3188 1849 3227 2.
1870 3167 1954 3227 Bern.
1976 3189 2001 3231 2.
2019 3175 2045 3230 3.

629 3296 657 3344 et
672 3294 734 3342 tom
751 3293 841 3342 atrox
861 3291 954 3359 uterq.
976 3275 1061 3335 Fabr.
1094 3273 1154 3336 Bas.
1176 3293 1200 3329 ι.
1216 3269 1272 3330 ab
1297 3273 1324 3339 4.
1354 3271 1404 3328 Ac.
1427 3269 1493 3330 Ecc.
1513 3269 1608 3329 Strur.
1631 3270 1731 3335 Vinar.
1747 3293 1774 3331 2.
1797 3271 1881 3331 ilem.
1901 3295 1925 3338 ι.
1947 3274 2046 3332 lleuss.

630 3393 729 3468 plures
741 3388 839 3449 Guelf.
862 3385 946 3443 Beru.
964 3404 990 3441 a.
1013 3403 1052 3438 m.
1070 3401 1112 3460 pr.
1134 3379 1162 3438 3.
1183 3376 1279 3436 oratio
1302 3377 1484 3434 accenderet.
1504 3375 1604 3433 Vinar.
1624 3397 1648 3434 ι.
1670 3375 1767 3434 Guelf.
1781 3377 1809 3436 5.
1830 3377 1925 3437 Strur.
1948 3379 2046 3437 llcuss.

628 3491 715 3554 Rem.
732 3510 757 3547 ι.
778 3489 915 3546 Senatu.
948 3485 1007 3542 ulio
1027 3485 1093 3542 aliis
1113 3485 1160 3546 tie.
1177 3490 1227 3540 est.
1253 3491 1293 3538 est
1315 3483 1398 3538 omis.
1432 3479 1546 3539 Fabric.
1564 3499 1591 3540 a.
1620 3480 1686 3540 atta
1703 3478 1762 3538 atta
1784 3483 1884 3541 inca.
1906 3483 2045 3542 Sobata.

630 3593 744 3654 Fabric.
757 3612 783 3651 2.
804 3591 871 3649 vin.
888 3611 912 3646 ι.
934 3587 1031 3646 Guell.
1052 3609 1095 3646 ιι.
1114 3607 1159 3644 12.
1190 3585 1259 3643 Tur.
1281 3606 1303 3646 ι.
1326 3584 1390 3642 aliis
1409 3594 1449 3642 cst
1469 3584 1537 3642 olio.
1575 3583 1636 3642 Bas.
1653 3585 1681 3654 Δ.
1712 3583 1802 3643 vitam
1821 3585 1928 3644 habent
1948 3587 2047 3646 Natat.

632 3699 779 3760 Commel.
808 3695 896 3758 Palat.
920 3693 989 3750 5.6.
1007 3711 1051 3748 ιι.
1086 3691 1170 3748 Poris.
1187 3711 1213 3746 a.
1226 3689 1254 3750 b.
1268 3710 1292 3746 c.
1316 3687 1425 3750 Leidi,
1453 3687 1514 3745 Bos.
1534 3687 1603 3748 1.3.
1625 3698 1653 3747 et
1665 3689 1733 3747 Tur.
1756 3709 1779 3748 ι.
1812 3710 1866 3769 pro
1882 3691 1960 3750 varia
1980 3695 2047 3750 leot.

632 3806 693 3866 du'o
708 3803 823 3866 Wassii.
844 3799 940 3858 Guell.
957 3818 982 3855 ι.
995 3817 1022 3855 2.
1043 3795 1126 3854 Fabr.
1146 3815 1172 3853 2.
1194 3793 1278 3852 llam.
1295 3813 1319 3849 ι.
1341 3793 1407 3850 Seu.
1431 3801 1523 3871 uterq.
1543 3793 1592 3856 Ac.
1616 3793 1715 3852 Heuss.
1742 3803 1834 3872 agunt
1856 3797 1952 3853 ceteri.
1965 3797 2041 3873 sor·

632 3921 707 3972 rona
722 3928 833 3970 eorum.
854 3924 941 3986 pron.
961 3901 1048 3964 obest.
1069 3899 1153 3959 Fabr.
1173 3919 1196 3955 ι.
1219 3897 1318 3954 Vinar.
1340 3916 1364 3952 ι.
1387 3894 1483 3953 Guell.
1501 3917 1530 3976 9.
1551 3896 1619 3980 Teg.
1642 3898 1775 3957 minuma
1794 3899 1840 3957 lie.
1855 3909 1905 3962 cst.
1926 3909 1966 3958 est
1986 3920 2046 3962 om.

632 4017 691 4075 Erl.
713 4016 792 4094 quod
808 4033 856 4092 ap.
874 4009 948 4068 alios
967 4005 1135 4067 iracundia.
1157 4002 1254 4060 Guell.
1274 4003 1301 4058 5.
1323 4020 1356 4058 eo
1372 4001 1405 4057 in
1427 3999 1558 4079 imperio.
1580 4023 1614 4061 eo
1627 4003 1705 4062 deest
1721 4004 1751 4061 in
1769 4003 1853 4063 Rem.
1872 4026 1897 4062 ι.
1919 4003 2003 4063 Faba.
2019 4025 2047 4066 a.

633 4121 675 4179 sio
688 4129 817 4179 testumo.
839 4115 900 4175 Bas.
916 4135 940 4177 ι.
958 4135 984 4172 2.
1006 4112 1102 4172 Gucll.
1121 4131 1147 4168 2.
1166 4108 1193 4166 5.
1216 4105 1356 4164 ceunomo
1372 4107 1457 4184 longe
1474 4107 1596 4184 plurimi
1618 4105 1696 4165 libri.
1717 4107 1831 4167 sceleris
1854 4128 1954 4168 eontm
1977 4130 2047 4168 om·

633 4205 840 4282 nosscrelibri.
862 4219 1003 4294 sccvims.
1026 4217 1092 4276 Ecc.
1113 4216 1207 4276 Struv.
1234 4212 1284 4270 Ac.
1306 4221 1399 4289 uterq.
1420 4210 1487 4272 Son.
1509 4212 1567 4270 inc.
1590 4209 1659 4270 Fab.
1682 4211 1761 4270 Leid.
1776 4213 1795 4269 l.
1813 4210 1844 4272 h.
1857 4213 1883 4270 lt.
1900 4219 1917 4272 l.
1931 4235 1970 4272 m.
1985 4213 2046 4272 Ras.

637 4327 796 4396 t.2.3.l1·
817 4327 885 4390 Vin,
904 4349 928 4389 ι.
961 4325 1059 4387 chss.
1088 4321 1184 4381 Guels.
1200 4339 1225 4377 a.
1240 4317 1268 4380 3.
1282 4317 1309 4386 Δ.
1330 4337 1374 4374 to.
1395 4335 1498 4378 ιι.ιι.
1529 4315 1613 4376 Bcr'n.
1636 4338 1661 4375 ι.
1682 4337 1708 4376 2.
1723 4316 1751 4376 5.
1778 4317 1894 4396 gratias
1912 4329 1962 4377 out
1986 4317 2049 4376 int-
