4570 5316
1616 457 1678 534 ¹9¹

286 611 456 690 bostium
480 611 647 689 adventu
676 609 867 715 cognovit,
890 626 930 687 et
955 610 1026 714 ipsi
1048 608 1171 688 hostes
1198 611 1375 706 aderant3
1405 630 1445 692 et
1461 612 1686 719 priusqudm

285 736 469 812 exercitus
501 752 572 812 aut
598 735 754 824 instrui,
778 747 847 808 aut
869 734 1034 810 sarcinas
1067 734 1258 839 colligere,
1284 737 1451 840 denique
1479 755 1688 841 antequam

283 860 435 966 σὶὅηῐωι
460 875 527 934 aut
551 859 755 962 imperium
783 857 910 932 ullum
943 858 1112 960 accipere
1138 858 1284 959 quivit,
1317 861 1460 961 equites
1480 862 1606 936 Mauri
1632 879 1688 936 at-

283 1009 358 1086 que
383 981 544 1072 Gaetuli,
570 1010 651 1059 non
686 980 766 1055 acie
791 1007 916 1084 neque
941 980 1023 1056 ullo
1048 1007 1154 1057 more
1182 982 1323 1086 praelii,
1362 983 1425 1058 sed
1449 986 1686 1074 catervatim,

284 1107 341 1181 uti
359 1131 531 1211 quosque
554 1105 630 1181 fors
650 1104 958 1209 conglobaverat,
983 1103 1026 1178 in
1055 1121 1200 1180 nostros
1227 1124 1485 1198 concurrunt;
1513 1108 1580 1209 qui
1607 1134 1688 1182 orn·

285 1255 349 1310 nes
373 1229 511 1333 trepidi
534 1227 737 1330 improviso
752 1243 876 1317 metu,
897 1253 941 1303 ac
965 1243 1093 1302 tamen
1108 1227 1259 1302 virtutis
1277 1255 1478 1322 memores,
1493 1246 1564 1306 aut
1580 1258 1686 1306 arma

282 1353 501 1456 capiebant,
521 1367 591 1427 aut
612 1351 802 1456 capientes
817 1350 910 1424 alios
925 1349 974 1422 ab
996 1349 1168 1427 hostibus
1185 1350 1433 1427 defensabant
1447 1371 1556 1456 :pars
1571 1379 1686 1456 equos

283 1474 532 1561 adscendere,
558 1474 710 1550 obviam
731 1473 787 1548 ire
815 1470 1011 1548 hostibus:
1033 1500 1163 1578 pugna
1190 1474 1391 1552 latrocinio
1422 1477 1538 1581 magis
1567 1503 1686 1580 quam

280 1597 412 1703 proelio
438 1595 571 1672 similis
599 1595 681 1672 fieri
701 1628 709 1670 :
732 1596 814 1670 sine
841 1585 975 1700 signis,
999 1596 1081 1672 sine
1110 1597 1310 1673 ordinibus
1343 1599 1508 1701 equites,
1541 1599 1686 1702 pedites

252 1717 476 1824 'permixti5
501 1719 643 1795 caedere
668 1718 776 1808 alios,
802 1717 895 1793 alios
930 1717 1178 1812 obtruncare3
1204 1721 1367 1810 multos,
1394 1738 1527 1796 contra
1552 1721 1686 1799 advor-

280 1869 337 1919 sos
368 1868 564 1918 scerrume
595 1858 827 1946 pugnantes,
862 1838 912 1913 ab
934 1855 1037 1944 tergo
1059 1839 1359 1918 circumvenire:
1392 1871 1517 1946 neque
1544 1843 1682 1934 virtus,

280 1989 404 2069 neque
434 1965 823 2068 amantesque,
862 1963 968 2065 quod
1004 1961 1127 2038 hostes
1153 1991 1315 2044 numero
1353 1966 1482 2069 plures
1505 1982 1544 2041 et
1569 1967 1684 2042 undi-

280 2117 355 2195 que
383 2087 604 2165 circumfusi
630 2106 741 2166 erant
753 2121 764 2182 ;
787 2087 957 2189 denique
985 2088 1148 2162 Romani
1172 2105 1311 2164 veteres
1344 2089 1531 2192 novique,
1564 2106 1603 2164 et
1634 2091 1685 2164 ob

277 2241 320 2290 ea
354 2213 512 2289 scientes
537 2211 665 2303 belli,
699 2212 854 2314 siquos
885 2210 990 2286 locus
1021 2227 1090 2288 aut
1122 2237 1227 2288 casus
1267 2212 1538 2302 coniunxerat,
1576 2211 1684 2286 orbes

278 2335 420 2416 facem:
455 2353 572 2439 atque
602 2336 654 2409 ita
680 2337 729 2409 ab
755 2333 933 2409 omnibus
958 2335 1132 2436 partibus
1168 2333 1283 2410 simul
1315 2335 1403 2411 tecti
1440 2351 1477 2411 et
1508 2334 1684 2409 instructi

277 2459 447 2535 bostium
472 2460 558 2552 rim:
569 2459 841 2533 sustentabant
878 2457 1009 2558 Neque
1035 2457 1077 2528 in
1104 2483 1148 2531 eo
1170 2471 1249 2530 tam
1271 2483 1402 2560 aspero
1426 2457 1577 2562 negotio
1604 2457 1734 2542 bia-98

278 2582 356 2657 rius
381 2581 532 2658 territus
553 2597 622 2656 aut
647 2580 764 2684 magis
786 2605 904 2680 quam
922 2591 1033 2652 antea
1056 2575 1214 2654 demisso
1246 2577 1376 2652 animo
1395 2578 1489 2668 fuit,
1512 2578 1576 2652 sed
1595 2603 1685 2652 cum

278 2723 404 2782 turma
422 2732 510 2795 sua,
534 2731 653 2807 quam
676 2728 721 2777 ex
744 2699 969 2775 fortissumis
998 2699 1114 2800 magis
1139 2725 1257 2799 quam
1284 2697 1597 2773 familiarissumis
1617 2727 1685 2801 pa-

277 2845 445 2918 raverat,
471 2827 598 2933 vagari
625 2827 782 2929 passim3
814 2851 859 2897 ac
888 2822 1001 2897 modo
1030 2821 1294 2895 laborantibus
1326 2820 1402 2895 suis
1434 2845 1684 2909 succurrere,

277 2953 389 3028 modo
407 2950 544 3040 hostis,
567 2950 636 3024 ubi
660 2946 937 3024 confertissumi
954 2944 1197 3034 obstiterant,
1223 2941 1399 3019 invadere
1423 2975 1431 3016 ε
1456 2969 1577 3018 manu
1595 2969 1686 3017 con-

275 3175 355 3240 Vret.
369 3196 394 3240 1.
415 3174 516 3235 Vinar.
528 3195 555 3234 a.
576 3173 656 3251 quod
675 3170 808 3232 locorum
834 3169 919 3229 Bern.
933 3173 961 3231 3.
983 3167 1052 3229 Tur.
1076 3166 1206 3246 occipere
1220 3164 1354 3244 quivisset
1379 3163 1440 3228 llus.
1457 3183 1482 3222 r.
1501 3164 1529 3234 l.
1551 3167 1610 3224 ino.
1634 3164 1685 3224 bc.

276 3279 373 3340 Guelf.
384 3279 412 3339 6.
425 3303 453 3360 7.
490 3279 569 3343 Leid.
585 3277 616 3335 b.
631 3277 661 3334 d.
680 3297 706 3336 e.
725 3273 756 3334 b.
777 3274 862 3333 bern.
881 3273 911 3334 d.
933 3273 1055 3351 qus'verit
1081 3271 1179 3330 Guelf.
1197 3290 1243 3328 ιι.
1260 3289 1307 3328 12.
1334 3269 1429 3332 Strur.
1451 3267 1532 3350 berg.
1562 3267 1643 3328 Leid.
1659 3291 1686 3328 a.

275 3383 359 3444 llern.
378 3407 402 3449 ι.
425 3383 544 3464 quieril,
560 3380 734 3462 quivissent,
747 3388 855 3458 queunt
870 3379 932 3436 alii.
953 3375 986 3434 in
1002 3385 1116 3436 nostros
1129 3381 1312 3434 concurrunt
1338 3371 1405 3431 tce.
1418 3372 1599 3437 vin..1.su.
1616 3393 1641 3432 ι.
1657 3373 1686 3443 l.

274 3489 356 3550 Leid.
374 3491 532 3571 l.g..m.n.
560 3484 657 3547 dead..
672 3483 775 3544 franc.
796 3484 897 3543 insert.
918 3479 1016 3540 Struv.
1036 3481 1120 3538 Vrut.
1133 3499 1160 3542 s.
1185 3476 1284 3536 Guelf.
1297 3497 1324 3557 7.
1338 3496 1384 3534 rr.
1412 3475 1570 3535 incurrunt
1590 3477 1686 3537 osterl.

200 3613 206 3622 ·
275 3603 423 3654 uolumen
442 3593 546 3654 Bam.
571 3594 631 3652 inc.
647 3611 672 3650 1.
700 3581 1351 3648 vinum,traua,scad„Guels.1.t„6.
1372 3577 1583 3644 Gruterr'libri.
1607 3589 1688 3640 otto·

275 3719 342 3758 msn
352 3699 448 3758 ceteri.
469 3699 505 3757 ab
523 3696 650 3757 tosutm
666 3713 726 3751 om.
750 3690 811 3748 sas.
825 3710 850 3748 1.
868 3687 1041 3770 petitaque.
1063 3707 1117 3766 qrte
1140 3708 1203 3752 om.
1222 3686 1290 3746 vin.
1312 3707 1337 3746 ι.
1367 3685 1501 3756 Guelfl.
1521 3684 1603 3744 Leid.
1618 3682 1686 3742 ub.

276 3826 301 3868 c;
311 3804 341 3864 d.
352 3801 449 3864 elui.
462 3823 503 3862 m.
523 3801 615 3860 fabr,
629 3798 724 3858 ffirii..
748 3793 855 3873 equites
871 3803 897 3854 ct
915 3797 960 3856 rel
982 3814 1019 3853 ae
1038 3795 1098 3852 alii.
1127 3793 1275 3874 permisto
1293 3789 1355 3849 Bes.
1374 3810 1398 3848 ι.
1422 3809 1462 3846 m.
1474 3808 1521 3868 pr.
1543 3787 1589 3847 uss·
1600 3805 1688 3866 qnos·

275 3929 329 3988 que
347 3909 425 3967 loeus
444 3907 509 3968 Erl..
523 3905 584 3964 Bas.
598 3905 627 3975 l.
648 3903 697 3962 sad
713 3903 781 3962 isut
798 3899 895 3964 babet.
917 3899 987 3978 quio
1001 3897 1061 3958 Bas.
1077 3919 1102 3958 1.
1124 3899 1175 3958 Ac.
1196 3895 1296 3954 orbem
1315 3891 1400 3956 Febr.
1424 3895 1521 3971 plures
1532 3889 1618 3952 llisii.
1631 3891 1687 3966 so-

276 4033 340 4074 cero
358 4011 473 4072 fabric.
492 4031 524 4068 ι.,
537 4009 605 4069 vin.
622 4015 646 4067 r‘.
667 4009 727 4068 inc.
741 4026 767 4070 a.
789 4005 868 4066 Vrats
888 4025 915 4064 a.
936 4003 1059 4064 besod.

356 4138 429 4220 Cup.
452 4139 501 4219 98.
531 4134 751 4198 territusllfar„
765 4133 866 4193 Vinar.
884 4154 908 4190 ι.
936 4131 1027 4192 bosts‘s
1046 4131 1144 4188 Guelf.
1163 4127 1193 4188 3.
1213 4125 1337 4188 demisso
1355 4123 1481 4195 ammo,
1498 4140 1566 4182 oum
1588 4131 1687 4187 turma

275 4245 360 4308 bern.
376 4266 401 4309 ι.
421 4262 537 4321 magna·
548 4251 633 4320 parte
647 4241 728 4300 adsta
747 4236 809 4296 Bas.
825 4257 849 4300 ι.
870 4237 937 4295 sen.
950 4257 978 4294 a.
1001 4233 1100 4292 Heuss.
1113 4231 1192 4292 Vrat.
1206 4253 1233 4290 2.
1245 4230 1274 4289 3.
1294 4245 1481 4308 magnopore
1488 4225 1568 4287 edila
1588 4227 1685 4288 Guelf.

277 4355 305 4416 3.
326 4353 385 4411 sn.
406 4349 480 4428 disp.
497 4345 559 4404 mil.
577 4343 666 4424 paul..
678 4342 747 4401 Tur.
767 4341 836 4423 Τις.
856 4340 958 4410 Bael,
978 4335 1221 4406 minuemus,
1235 4333 1310 4394 host.
1330 4331 1400 4393 fur.
1420 4329 1488 4414 Τις.
1507 4351 1604 4414 pauco
1614 4351 1687 4393 mss·
