4542 5318
649 405 721 476 aba

644 623 743 676 num
763 607 928 672 extrema
946 587 1079 667 munia
1102 583 1217 686 sequi.
1242 622 1292 640 -
1323 585 1375 658 16.
1400 585 1450 658 Et
1472 582 1570 658 forte
1598 581 1641 659 in
1663 579 1879 686 navigando
1910 583 2045 664 cohors

648 746 749 808 una,
771 715 907 823 grandi
933 714 1047 790 faselo
1076 726 1186 786 uecta
1219 733 1241 782 a
1268 707 1399 782 ceteris
1427 705 1616 782 deerravit
1653 705 1828 809 marique
1855 709 2007 812 placido
2026 739 2050 786 a

648 843 800 920 duobus
823 838 1050 944 praedonum
1076 831 1376 939 myoparonibus
1411 829 1679 905 circumventa.
1704 875 1754 892 -
1785 857 1837 929 ¹7·
1862 834 1965 910 Eum
1993 851 2051 911 at-

649 991 725 1068 que
755 961 1047 1065 Metrophanem
1076 973 1228 1035 senatus
1259 980 1395 1056 magna
1417 951 1605 1028 industria
1630 951 1897 1056 perquirebat,
1925 985 2049 1062 quum

516 1143 518 1148 η
639 1076 717 1190 per
741 1102 797 1160 tot
828 1083 1004 1188 scaphas,
1044 1107 1137 1185 quas
1163 1079 1213 1154 od
1242 1078 1338 1153 ostia
1369 1102 1459 1152 oum
1483 1075 1615 1180 paucis
1644 1074 1729 1150 fidis
1754 1097 2048 1180 percunctatum

648 1211 856 1284 miserant..
874 1265 882 1280 .
901 1265 908 1280 .
927 1264 960 1280 ..
996 1251 1045 1268 -
1088 1209 1140 1279 18.
1166 1204 1272 1277 Duos
1307 1227 1426 1306 qnam
1451 1224 1648 1274 maxumus
1678 1199 1774 1274 utris
1804 1200 1876 1277 levi
1908 1207 2049 1284 tabulae

646 1331 809 1409 subiecit
832 1363 840 1404 :
862 1357 942 1434 qua
969 1355 1083 1433 super
1105 1327 1212 1402 omni
1243 1349 1402 1428 corpore
1429 1323 1581 1426 quietus
1611 1319 1777 1396 invicem
1800 1337 1926 1401 tractu
1946 1332 2051 1432 pedis

648 1456 758 1559 quasi
778 1455 1012 1558 gubernator
1039 1451 1240 1526 existeret:
1264 1472 1306 1522 ea
1337 1447 1443 1522 inter
1463 1444 1604 1522 motem
1620 1459 1740 1546 atque
1764 1445 1930 1524 insulam
1952 1455 2049 1532 mari

648 1577 881 1654 uitabundus
907 1576 1062 1650 classem
1093 1571 1260 1648 bostium
1292 1569 1343 1644 od
1370 1567 1559 1674 oppidum
1577 1567 1764 1674 pervenit.
1791 1615 1841 1630 -
1878 1597 1932 1670 19.
1956 1577 2053 1652 Nam

648 1701 718 1804 qui
739 1725 852 1775 enare
873 1697 1001 1773 conati
1015 1696 1171 1770 fuerant
1188 1692 1276 1785 ,icti
1291 1717 1395 1795 saepe
1411 1689 1651 1766 ferramentis
1664 1691 1821 1766 navium
1839 1713 1910 1776 aut
1924 1699 2052 1778 volne.

648 1824 724 1898 rati
741 1849 763 1898 a
780 1823 878 1908 suis,
895 1835 964 1896 aut
981 1818 1128 1894 adflicti
1147 1816 1291 1920 alveos,
1317 1813 1513 1890 undarum
1529 1813 1588 1901 vi,
1612 1812 1781 1890 mulcato
1795 1815 1902 1896 doede
1915 1847 2050 1932 corpo-

650 1971 703 2033 re,
727 1960 914 2048 postremo
938 1959 1065 2016 tamen
1084 1939 1237 2044 periere.
1263 1987 1314 2001 -
1341 1963 1396 2012 ao.
1421 1939 1518 2012 Nam
1535 1937 1645 2036 tertia
1662 1953 1758 2012 tunc
1773 1956 1912 2018 erat-et
1930 1946 2049 2029 subli..

647 2095 712 2142 ma
731 2066 872 2140 nebula
891 2064 1035 2141 coelum
1062 2061 1296 2139 obscurabat
1322 2103 1370 2121 -
1398 2077 1455 2138 21.
1481 2059 1601 2138 Illum
1623 2060 1742 2169 raptis
1759 2061 1888 2144 sorum
1912 2083 1955 2150 ,et
1974 2097 2048 2152 aaa.

645 2207 706 2268 tra
723 2188 878 2266 nautica
900 2185 1085 2263 Sertorius
1105 2199 1329 2260 mutaverat.

898 2408 1030 2483 Oratio
1055 2409 1108 2482 M
1135 2409 1270 2480 Licinii
1292 2404 1429 2480 tribuni
1439 2405 1558 2504 plebis
1580 2405 1634 2480 od
1645 2409 1796 2507 plebem

723 2552 850 2645 2281,
878 2553 1059 2651 Quirites,
1086 2578 1227 2657 parum
1241 2549 1532 2643 existumarem,
1556 2554 1663 2656 quod
1685 2555 1787 2634 inter
1804 2558 1864 2636 ius
1883 2587 1907 2636 a
1931 2565 2047 2642 maio·

642 2679 752 2756 ribus
777 2677 954 2754 relictum
976 2677 1081 2752 vobis
1103 2693 1142 2752 et
1163 2675 1280 2752 hoca
1304 2675 1410 2752 Sulla
1431 2691 1611 2780 paratum
1626 2681 1822 2757 servitium
1838 2684 2045 2764 inteoesset:

644 2803 778 2878 inultis
796 2801 893 2878 mibi
914 2800 1173 2876 disserendum
1200 2799 1276 2876 fuit
1294 2799 1604 2903 docendumque,
1631 2829 1728 2904 quas
1753 2807 1802 2882 ob
1822 2806 2046 2888 iniuriaset

640 2927 823 3030 quotiens
847 2950 871 2998 a
893 2924 1068 3027 patribus
1090 2939 1236 2999 armata
1252 2923 1381 3028 plebes
1402 2923 1618 3014 secessisset,
1643 2926 1780 3030 utique
1799 2929 1968 3010 uindices
1981 2961 2046 3039 pa·

647 3049 799 3124 ravisset
827 3050 951 3124 omnis
971 3047 1064 3123 iuris
1083 3045 1143 3122 sui
1166 3046 1342 3120 tribunos
1360 3046 1491 3151 plebis.
1526 3049 1640 3124 Nunc
1657 3047 1806 3128 hortari
1828 3055 1942 3133 modo
1960 3059 2046 3134 reli-

643 3199 771 3274 quum
798 3188 853 3247 est
877 3188 915 3246 et
939 3171 996 3246 ire
1014 3169 1191 3276 primum
1216 3169 1299 3259 via,
1340 3195 1418 3272 qua
1448 3172 1722 3276 capessundam
1746 3175 1914 3254 arbitror
1934 3181 2045 3259 iiber·

646 3308 774 3370 tatem.
804 3297 935 3396 Neque
956 3319 1017 3368 me
1034 3293 1222 3396 praeterit,
1247 3309 1410 3395 quantas
1427 3319 1522 3398 opes
1544 3296 1756 3374 nobilitatis
1773 3301 1896 3393 solus,
1918 3303 2042 3411 imp07

649 3431 749 3505 tens,
784 3418 893 3491 inani
920 3416 1043 3521 specie
1062 3415 1331 3522 magistrates,
1368 3418 1509 3522 pellere
1543 3419 1807 3500 dominatione
1836 3427 2041 3532 incipiam3

646 3553 870 3642 quantoque
887 3540 1006 3614 tutius
1025 3539 1139 3616 factio
1156 3540 1361 3648 noxiorum
1380 3557 1467 3648 agat
1485 3569 1604 3646 quam
1627 3546 1698 3622 soli
1716 3547 1945 3629 innocentes
1970 3553 2041 3630 Sed

644 3759 774 3821 Durium
787 3762 902 3842 antiqui
916 3760 994 3822 libri.
1013 3759 1143 3820 Durium
1156 3765 1255 3844 vulgo.
1275 3796 1317 3812 -
1339 3783 1387 3822 η.
1407 3762 1486 3824 Non.
1500 3763 1591 3827 Marc.
1603 3766 1620 3839 Δ
1629 3807 1640 3840 ,
1658 3770 1725 3830 218.
1740 3803 1782 3822 -
1806 3777 1852 3835 13.
1869 3774 1916 3834 id.
1929 3796 1960 3851 ι,
1971 3797 2038 3858 791.

643 3899 684 3916 -
707 3865 753 3938 ιζ.
775 3867 817 3927 id.
832 3866 927 3944 ι,,85.
941 3900 983 3914 -
1006 3867 1051 3932 ι5.
1072 3864 1114 3924 id.
1129 3887 1164 3942 a,
1181 3868 1304 3947 ⁵²7····
1323 3869 1374 3928 16.
1386 3869 1428 3929 id.
1448 3869 1498 3944 13,
1516 3872 1551 3942 63
1577 3877 1630 3946 rt,
1644 3895 1671 3954 7.
1687 3909 1729 3922 -
1752 3897 1799 3957 ¹7·
1813 3878 1854 3937 id.
1876 3879 1931 3954 13,
1949 3902 2041 3947 11,-

647 3973 693 4032 18.
709 3971 751 4031 id.
768 3992 802 4046 a,
821 3975 890 4054 899.
912 3993 1000 4051 quom
1019 3990 1104 4050 stupet·
1123 3971 1156 4030 in
1178 3971 1291 4052 aliquot
1308 3973 1388 4034 libris
1413 3975 1523 4036 molam
1544 3975 1657 4042 Carrio.
1675 4013 1717 4029 ·-
1750 3978 1948 4063 19.N0n.5,
1971 3985 2037 4056 ⁴54.

641 4075 759 4156 adflicti
773 4078 867 4140 alveos
887 4079 1038 4137 unctumm
1053 4073 1087 4136 υἰ
1104 4075 1232 4136 malcum
1256 4097 1378 4158 corpore
1400 4077 1559 4141 irueribont
1578 4083 1619 4144 sia
1640 4083 1676 4150 C.
1691 4085 1813 4147 Fronto.
1832 4109 1855 4152 s.
1867 4111 1896 4152 v.
1915 4089 2038 4170 afflicti.

641 4213 683 4229 -
704 4202 751 4246 oo.
772 4182 848 4241 Non.
869 4181 1034 4261 8,45.1ad
1061 4183 1153 4240 multa
1167 4191 1314 4264 eormpto.
1334 4215 1376 4230 —
1405 4204 1458 4264 aa.
1479 4185 1520 4244 ita
1540 4185 1693 4270 Pompeius
1707 4189 1878 4256 nommant.
1891 4191 1986 4258 M).
2005 4213 2035 4280 p.

626 4285 712 4353 151.
732 4277 964 4351 Edbiudemau
986 4287 1069 4350 illum
1086 4285 1297 4373 raptissomm
1317 4287 1442 4363 Noni,
1456 4290 1516 4373 Ι96.
