4560 5338
1662 423 1687 503 5

284 595 338 669 tio
362 594 533 670 intentus
566 591 741 697 praeelari
765 591 943 669 facinoris
976 612 1046 672 aut
1076 595 1167 672 artis
1196 595 1320 674 bonae
1354 596 1505 678 famam'
1527 603 1717 708 quaerit3

283 718 355 793 Sed
378 717 420 791 in
441 743 579 821 magna
601 715 709 820 copia
739 742 867 790 rerum
889 716 998 793 aliud
1014 719 1082 794 alii
1105 736 1245 796 natura
1270 722 1342 797 iter
1372 724 1545 801 ostendit.
1596 728 1687 803 Pul-

284 841 422 917 chrum
443 857 498 916 est
520 838 760 914 benefacere
780 839 1039 942 reipublicae:
1065 843 1179 918 etiam
1213 845 1311 922 bene
1342 847 1598 948 dicere-haud
1622 852 1689 925 ab·

282 967 444 1041 surdum
466 981 542 1040 est:
566 963 757 1066 mipace,
782 961 842 1036 vel
866 962 967 1038 bello
988 965 1136 1040 clarum
1158 967 1239 1042 fieri
1267 969 1381 1043 licet:
1408 987 1446 1045 et
1467 973 1537 1074 qui
1559 973 1689 1049 iecere

20 1147 26 1156 .
147 1173 155 1186 ‚
282 1107 319 1166 et
342 1091 409 1192 qui
432 1088 531 1162 faeta
548 1087 713 1161 aliorum
732 1085 930 1188 scripsere,
956 1089 1071 1163 multi
1087 1091 1305 1166 laudantur.
1331 1097 1386 1167 Ae
1407 1094 1503 1170 mihi
1518 1097 1692 1198 quidem,

283 1215 430 1289 tametsi
444 1212 748 1313 haudquaquam
766 1237 837 1312 par
856 1210 974 1313 glorio
992 1229 1174 1314 sequatur
1189 1216 1413 1320 scriptorem
1432 1235 1472 1292 et
1492 1235 1689 1294 auctorem

282 1365 427 1428 rerum;
454 1353 583 1408 tamen.
613 1333 807 1437 inprimis
833 1332 999 1408 arduum
1018 1335 1170 1417 videtur
1185 1364 1241 1411 res
1262 1356 1379 1442 gestas
1399 1341 1586 1416 scribere:
1608 1343 1689 1444 pri-

280 1489 388 1534 mum
411 1459 514 1562 quod
530 1457 629 1530 facta
653 1455 763 1530 dictis
793 1471 886 1530 suut
909 1459 1169 1559 exaequanda:
1208 1459 1349 1535 debinc
1376 1463 1468 1563 quia
1494 1464 1687 1566 plerique,

283 1611 385 1686 quae
408 1582 545 1656 delicta
567 1577 870 1682 reprehenderis,
900 1581 1160 1656 malivolentia
1180 1600 1218 1656 et
1235 1584 1383 1658 invidia
1404 1584 1507 1658 dicta
1527 1603 1688 1687 putant:

281 1707 348 1781 ubi
370 1707 566 1808 demagna
587 1703 728 1776 virtute
744 1718 782 1774 et
800 1700 919 1803 gloria
941 1702 1134 1777 bonorum
1156 1730 1357 1795 memores,
1383 1706 1569 1807 quaesibi
1585 1709 1688 1810 quie

281 1857 360 1932 que·
380 1828 508 1904 facilia
529 1827 637 1900 factu
652 1839 780 1928 putat,
805 1849 915 1924 aequo
940 1811 1068 1898 anirnb
1086 1828 1248 1929 aecipit;
1272 1854 1387 1932 supra
1401 1856 1467 1918 ea,
1483 1830 1602 1905 veluti
1622 1830 1688 1906 sie

281 1970 339 2042 ta,
373 1980 443 2056 pro
471 1949 572 2025 falsis
593 1947 708 2021 ducit.
743 1945 815 2019 Sed
838 1973 905 2049 ego
931 1947 1243 2024 adulescentulus·
1267 1951 1395 2042 initio,
1432 1954 1549 2046 sicuti,
1573 1955 1688 2056 pleri·

280 2103 374 2178 quc,
399 2075 525 2148 studio
548 2072 598 2146 ad
625 2068 902 2173 rempublicam
927 2071 1032 2146 latus·
1053 2098 1159 2160 sum,
1188 2073 1320 2174 ibique
1345 2074 1443 2148 mihi
1472 2077 1595 2151 multa
1618 2077 1686 2152 ad-

278 2226 384 2273 vorsa
403 2197 515 2270 fuere.
566 2197 662 2268 Nam
678 2221 749 2295 pro
777 2193 945 2294 pudore,
971 2221 1041 2296 pro
1062 2195 1311 2286 abstinentia,
1340 2225 1411 2300 pro
1432 2199 1593 2291 virtute5
1617 2227 1688 2274 au-

279 2322 406 2410 dacia,
431 2319 601 2423 largitio,
626 2316 784 2391 avaritia
805 2316 991 2418 vigebant.
1036 2317 1134 2413 Quae
1162 2320 1309 2392 tametsi
1331 2321 1483 2395 animus
1507 2349 1686 2426 asperna-

280 2447 417 2534 batur,
443 2440 819 2518 insolensmalarum
842 2439 1006 2530 artium3
1044 2457 1173 2515 tamen
1198 2445 1298 2516 inter
1323 2459 1427 2516 tanta
1455 2445 1547 2519 vitia
1569 2447 1687 2522 imbe

281 2569 368 2644 cilia
400 2583 487 2642 aetas
515 2564 725 2640 ambitione
753 2576 932 2662 corrupta
958 2562 1178 2638 tenebatur:
1204 2591 1356 2653 acme,
1382 2593 1505 2668 quum
1525 2569 1574 2640 ab
1599 2570 1687 2644 reli-

280 2718 447 2793 quorum
468 2689 578 2764 malis
601 2684 772 2762 moribus
792 2681 1049 2774 dissentirem,
1065 2683 1190 2760 nihilo
1208 2687 1337 2761 minus
1356 2686 1513 2762 honoris
1533 2692 1689 2795 cupido,

280 2907 329 2945 nes
343 2885 430 2946 credo
446 2885 525 2944 libri.
548 2893 610 2942 lum
629 2893 656 2942 et
670 2881 704 2942 si.
728 2883 818 2945 Marii.
834 2898 869 2948 Λ.
891 2895 1031 2945 ociorem.
1048 2885 1131 2943 Basii.
1162 2905 1190 2945 a.
1207 2884 1235 2945 Ξ.
1262 2894 1291 2944 et
1316 2907 1341 2944 1.
1360 2907 1401 2944 m.
1415 2905 1472 2946 sec.
1487 2885 1584 2948 Turio.
1610 2910 1634 2947 ι.
1657 2910 1687 2949 2.

277 2992 346 3074 Τις.
365 2992 449 3050 Paris.
467 3013 493 3050 c.
517 3012 558 3047 m.
578 3009 634 3078 sec.
657 2988 740 3048 Bern.
755 2988 784 3048 5.
801 2989 914 3048 Fabiic.
932 2989 1009 3051 llirii
1030 2988 1127 3049 Pemb.
1146 2988 1179 3047 B.
1204 2989 1275 3048 Pub.
1293 2988 1366 3049 Bod.
1396 2991 1489 3050 Marl.
1504 3005 1533 3055 Γ.
1550 3005 1585 3054 Λ.
1622 3014 1688 3054 cre-

280 3098 318 3156 do
332 3109 361 3156 et
377 3085 426 3156 ilii
440 3104 543 3175 mscpt.
563 3115 636 3175 quos
653 3093 776 3153 editores
792 3095 910 3154 laudare
932 3096 1101 3153 omiserunt.
1127 3093 1266 3172 sequitur,
1287 3093 1368 3153 Leid.
1389 3098 1409 3152 l.
1429 3095 1527 3154 Gueli'.
1555 3117 1581 3154 ι.
1607 3117 1635 3156 2.
1656 3099 1686 3158 3.

279 3201 306 3272 4.
325 3202 352 3260 5.
367 3201 463 3260 Turio.
483 3219 508 3258 ι.
525 3221 565 3257 ιιι.
579 3218 624 3278 pr.
639 3195 750 3257 Charis.
769 3221 836 3282 pag.
861 3221 926 3279 192.
951 3197 1005 3256 Ed.
1022 3195 1138 3262 Pulscb.
1166 3199 1350 3275 eoeoeqitanda
1369 3197 1437 3256 st'nl'.
1463 3197 1543 3257 Leid.
1560 3220 1587 3258 a.
1611 3199 1641 3260 b.
1656 3199 1684 3260 i.

278 3310 299 3364 l'.
320 3307 507 3384 araequomlo
531 3312 609 3363 surii.
626 3302 709 3360 Basil.
730 3303 801 3384 ¹24·
824 3303 921 3362 Turic.
946 3324 970 3360 ι.
996 3303 1082 3362 ceteri
1105 3323 1222 3381 quoque
1244 3281 1341 3360 Codd.
1359 3302 1400 3376 in]
1408 3301 1513 3361 ordine
1528 3303 1684 3366 verborum

279 3432 367 3491 quam
383 3412 508 3468 maxime
527 3408 649 3468 variam.
673 3407 755 3466 cb'cla
771 3413 888 3486 pulani,
905 3407 1026 3485 plurimi
1044 3416 1072 3464 et
1085 3415 1147 3485 opi.
1165 3404 1263 3462 Codd'.
1279 3401 1360 3462 diere
1386 3407 1537 3466 omittunt.
1559 3407 1639 3467 Leid.
1655 3408 1685 3468 b.

277 3515 340 3575 luc.
359 3537 384 3574 r.
414 3514 536 3574 dictum
555 3511 640 3570 Febr.
670 3533 695 3570 r.
714 3511 796 3570 Leid.
816 3513 945 3570 idacio
965 3509 1054 3570 dead.
1075 3530 1170 3590 neque
1190 3511 1222 3568 in
1243 3509 1458 3570 ceterisCodd.
1486 3523 1620 3572 constans
1645 3525 1686 3572 est

276 3623 372 3681 lectio.
386 3640 474 3702 quare
488 3618 569 3678 Cori.
579 3617 726 3696 expunxit.
748 3615 989 3686 adulescentulus,
1013 3615 1073 3674 Bas.
1090 3635 1117 3673 a.
1133 3615 1161 3684 4.
1177 3615 1245 3698 Teg.
1259 3615 1343 3676 Bem.
1363 3637 1388 3674 1.
1410 3615 1495 3676 initio
1513 3617 1685 3697 apudCori.

278 3728 416 3785 omissum
432 3765 444 3800 ,
460 3724 573 3784 incuria
591 3720 776 3780 librariorum
793 3719 890 3780 credo.
912 3730 944 3779 iu
959 3737 1107 3779 memores.
1126 3718 1208 3777 Leid.
1229 3719 1257 3778 k.
1279 3719 1363 3780 Basil.
1384 3721 1412 3791 4.
1446 3741 1465 3779 ιι
1481 3721 1587 3780 studio.
1603 3721 1685 3780 leid.

277 3829 307 3890 h.
327 3853 352 3890 c.
369 3831 399 3889 d.
415 3849 440 3889 e.
456 3831 477 3888 f.
493 3851 521 3911 g.
543 3827 604 3886 Bas.
627 3847 651 3884 ι·.
668 3825 697 3884 3.
712 3827 741 3896 4.
763 3825 848 3884 Bem.
863 3845 889 3882 ι.
906 3825 934 3883 3.
953 3835 1046 3904 uterq.
1065 3823 1200 3883 llemens.
1219 3823 1316 3884 Gueli.
1334 3827 1362 3895 4.
1377 3825 1405 3884 6.
1419 3847 1446 3904 7.
1464 3827 1492 3883 8.
1514 3845 1559 3883 ιο.
1576 3845 1621 3881 ιι.
1638 3844 1684 3884 ιι.

202 3929 210 3946 “
277 3936 376 3994 Vinar.
396 3957 422 3995 ι.
438 3935 502 4003 lor.
521 3943 614 4012 uterq.
629 3931 724 3992 Simu.
743 3942 772 3989 et
786 3927 875 3988 lead.
889 3929 969 3988 Leid.
991 3933 1012 3988 l.
1031 3951 1071 3986 m.
1092 3949 1147 3988 sec.
1165 3929 1293 3988 osiruir'o
1312 3928 1442 3987 litterali.
1462 3927 1543 3986 Leid.
1565 3925 1596 3986 h.
1613 3927 1683 3988 Tur.

277 4059 307 4102 r.
329 4059 348 4098 a
363 4038 461 4099 studio
484 4037 660 4096 litterarum.
683 4035 780 4094 Gueli.
803 4055 832 4112 9.
855 4044 884 4092 et
903 4037 1016 4114 aliquot
1037 4033 1140 4094 Wassii
1161 4032 1211 4090 sed
1228 4036 1326 4111 plures
1347 4034 1497 4090 meliorem
1526 4032 1683 4092 lectionem

276 4144 464 4204 confirmant.
486 4141 653 4201 litterarum
674 4139 770 4198 etiarn.
800 4138 883 4196 Basil.
914 4159 937 4196 ι.
957 4143 1048 4220 glossa
1069 4138 1224 4218 adscripta.
1249 4155 1408 4216 prapaes
1435 4135 1596 4194 omiserunt
1621 4135 1685 4197 'l'u-

276 4250 328 4308 ric.
350 4269 375 4306 1.
391 4247 475 4306 llere.
499 4267 523 4304 ι.
543 4245 626 4303 Paris.
646 4265 671 4302 e.
689 4243 718 4300 d.
740 4242 801 4300 Bas.
821 4263 847 4301 a.
865 4242 944 4300 Leid.
962 4265 988 4301 a.
1006 4245 1026 4301 i.
1048 4263 1078 4300 ιι.
1101 4244 1165 4301 etl.
1182 4262 1222 4298 m.
1241 4259 1285 4319 pr.
1305 4239 1407 4317 fragm.
1434 4234 1541 4297 Colon.
1560 4251 1589 4298 et
1600 4240 1682 4299 Tho-

276 4373 337 4412 ean.
370 4372 443 4435 quos
468 4347 704 4424 Palm..laualat-,.
725 4346 871 4410 Commrl.
906 4345 973 4410 Nur.
999 4313 1086 4406 Pirae
1106 4365 1133 4404 ι.
1156 4343 1185 4402 6.
1209 4363 1237 4426 9.
1280 4341 1378 4404 Gueli.
1405 4361 1475 4404 aa.
1495 4341 1524 4402 3.
1552 4347 1579 4404 5.
1624 4345 1684 4404 Ea-
