4582 5320
1653 339 1722 418 115

320 543 366 594 ac
389 516 643 622 potissumum
673 514 879 608 ‹sa-dicum,
902 540 989 620 quae
1015 515 1059 594 isi
1080 515 1265 594 concione
1285 519 1371 625 post
1401 515 1569 596 reditum
1593 519 1723 597 Bestias

319 637 583 718 huiuscemodi
602 641 725 718 verbis
744 639 920 716 disseruit
937 651 956 714 ι
1714 631 1719 642 ’

431 765 585 858 „Multa
608 791 670 840 me
692 761 991 840 dehortantura
1017 763 1141 856 vobis,
1167 765 1352 864 Quirites,
1378 767 1422 844 ni
1451 766 1625 843 studium
1651 762 1768 844 rei-3¹

321 888 485 994 publicae
508 889 637 964 omnia
657 903 830 993 superet:
858 913 945 993 opes
964 887 1162 980 factionis,
1186 895 1306 966 'restra
1327 891 1535 995 patientia,
1553 891 1612 967 ius
1633 892 1724 968 nulss

322 1011 404 1088 lum
412 1045 423 1107 ;
447 1040 492 1088 ac
512 1037 691 1088 maxume
709 1011 815 1115 quod
835 1012 1066 1088 innocentiae
1078 1013 1165 1116 plus
1178 1014 1339 1118 periculi
1355 1041 1474 1118 quam
1489 1013 1646 1090 honoris
1659 1032 1723 1091 cst

322 1136 418 1216 Nam
435 1137 501 1212 illa
515 1137 673 1238 quidem
688 1135 793 1240 piget
814 1135 951 1225 dicere,
973 1134 1032 1210 his
1043 1136 1157 1212 annis
1179 1137 1401 1240 quindecim
1418 1165 1535 1241 quam
1553 1137 1724 1214 ludibrio

322 1255 468 1334 fueritis
491 1259 678 1362 suporbiae
707 1287 921 1364 paucorum
928 1292 939 1351 3
972 1287 1090 1362 qrmm
1112 1251 1215 1336 foede
1239 1288 1433 1364 quamque
1460 1260 1576 1336 inulti
1603 1261 1726 1365 perie-

323 1381 403 1456 rint
416 1383 528 1456 vcstri
551 1381 761 1458 defensores
768 1415 779 1477 ;
803 1399 848 1457 ut
863 1383 969 1458 vobis
988 1384 1141 1460 animus
1160 1385 1210 1458 ab
1237 1384 1386 1490 ignavia
1416 1401 1532 1488 atque
1551 1383 1723 1460 socordia

324 1519 524 1607 corruptus
545 1505 615 1580 sit:
641 1505 709 1608 qui
735 1531 785 1582 ne
804 1532 913 1582 nunc
943 1506 1122 1609 quidem,
1146 1509 1319 1584 obnoxiis
1349 1507 1531 1600 inimicis,
1559 1507 1725 1611 exsurgi-

325 1625 386 1717 tis,
411 1642 527 1729 atque
543 1628 661 1703 etiam
682 1654 789 1704 nunc
812 1629 949 1706 timetis
967 1655 1045 1722 eos,
1072 1633 1213 1734 quibus
1237 1631 1346 1707 decet
1368 1633 1504 1707 terrori
1529 1657 1611 1708 csse.
1650 1630 1724 1706 Sed

323 1753 559 1854 'quamquam
580 1749 661 1828 haec
680 1752 770 1828 talia
792 1769 914 1828 sunt:
940 1768 1068 1830 tamen
1092 1754 1245 1830 obviam
1268 1755 1324 1831 ire
1344 1754 1521 1831 factionis
1543 1754 1725 1860 potentiae

324 1872 474 1950 animus
500 1874 659 1978 subigit,
686 1891 786 1951 certe
811 1903 878 1980 ego
911 1875 1146 1970 libertatem,
1170 1903 1258 1982 quae
1286 1877 1384 1952 mihi
1407 1907 1430 1954 a
1458 1895 1617 1984 parente
1639 1903 1724 1954 mco

250 2061 254 2070 .
325 1996 463 2074 traditu
487 2011 567 2089 est,
589 1999 784 2103 experiar:
807 2026 942 2076 verum
973 1999 1016 2076 id
1046 1999 1189 2077 frustra
1213 2027 1266 2076 an
1299 2001 1350 2076 ob
1379 2027 1460 2078 rem
1485 2002 1648 2094 faciam,
1683 2001 1728 2080 in

325 2135 444 2200 vestra
461 2147 582 2198 manu
597 2123 714 2198 situm
734 2139 809 2213 est,
834 2122 1012 2222 Quirites.
1044 2125 1178 2227 Neque
1191 2151 1260 2229 ego
1281 2147 1346 2201 vos
1361 2123 1516 2216 hortor,
1541 2126 1647 2230 quod
1661 2151 1727 2201 sae-
1804 2157 1806 2160 ·

325 2267 373 2346 pe
390 2243 549 2321 maiores
572 2245 684 2322 vostri
701 2246 839 2337 fecere,
863 2265 909 2323 ut
930 2263 1064 2323 contra
1088 2248 1249 2324 iniurias
1268 2249 1407 2324 armati
1425 2250 1525 2326 eatis.
1559 2248 1667 2325 Nihil
1679 2239 1729 2340 vi,

326 2365 427 2444 nihil
449 2353 652 2446 secorsione
673 2395 768 2474 opus
792 2385 871 2446 est:
898 2389 1044 2447 neccsse
1063 2387 1133 2464 cst,
1156 2388 1305 2448 suomet
1328 2372 1401 2477 ipsi
1423 2361 1529 2450 more
1554 2371 1729 2479 praccipi-

326 2613 366 2676 sic
379 2619 468 2699 vulgo
482 2615 606 2691 editum,
623 2625 652 2676 st
664 2617 704 2676 ita
718 2615 804 2674 ctiam
815 2613 909 2700 Curtii
924 2617 1067 2676 meliorcs.
1086 2615 1162 2676 Paris
1175 2617 1206 2677 d.
1226 2619 1371 2678 incertum
1386 2638 1426 2678 an
1441 2617 1522 2682 taio.
1541 2619 1728 2698 maleam,

327 2737 414 2796 ostam
429 2719 527 2780 Gucll'.
541 2741 568 2786 ι.
578 2721 608 2793 l.
621 2743 652 2803 9.
667 2742 713 2781 ιο.
729 2742 774 2781 ιι.
792 2741 840 2782 ιι.
851 2699 956 2784 'suun
975 2720 1043 2781 Sco.
1055 2740 1084 2780 a.
1104 2705 1205 2784 Heuss.
1224 2721 1324 2786 Vinus.
1345 2721 1450 2784 Franc.
1466 2723 1547 2786 Vnt.
1561 2742 1588 2782 2.
1599 2723 1629 2788 ὅ.
1642 2723 1729 2788 llam.

329 2841 355 2887 ι.
375 2824 436 2885 inc.
454 2824 536 2886 Laid.
550 2824 580 2886 b.
594 2847 625 2892 n.
651 2825 738 2887 Paris.
748 2849 775 2892 a.
785 2826 817 2887 b.
829 2849 855 2894 c.
867 2847 893 2894 c.
919 2824 981 2886 Bu.
996 2846 1022 2889 ι.
1034 2824 1064 2900 l.
1089 2825 1188 2889 'luric-
1216 2826 1301 2890 Bsrn.
1317 2849 1342 2894 ι.
1354 2831 1381 2895 3.
1403 2826 1504 2888 dicam
1516 2847 1577 2889 om.
1590 2826 1687 2890 Gucll.
1699 2851 1729 2912 7·

327 2947 385 3004 quo
404 2926 466 2994 Bas.
479 2950 505 2996 1.
526 2951 568 2991 m.
578 2951 624 3012 pr.

416 3079 490 3165 Cup.
509 3086 557 3146 δι.
577 3083 695 3146 dohorl.
714 3103 761 3146 rw
778 3084 874 3148 Strur.
894 3085 979 3150 llsm.
994 3108 1020 3149 ι.
1041 3108 1087 3149 mc
1102 3086 1200 3149 Guelf.
1211 3086 1241 3160 l.
1260 3088 1338 3148 inter
1351 3087 1451 3148 lineas.
1472 3093 1621 3166 moret
1638 3083 1731 3147 lead.

329 3193 387 3267 iac.
407 3213 432 3252 ι.
453 3191 521 3251 Ecc.
543 3189 641 3257 Guelt
656 3211 682 3250 ι.
695 3211 724 3272 7.
736 3212 766 3272 9.
786 3189 869 3251 Nam
883 3201 912 3252 tt
927 3192 980 3252 illa
997 3191 1115 3270 quidem
1138 3191 1228 3252 Acad.
1248 3191 1316 3251 Son.
1330 3211 1358 3251 ι.
1378 3191 1480 3254 llcuss.
1510 3209 1624 3270 quoquc
1645 3190 1734 3251 multi

328 3295 389 3358 But.
403 3318 429 3356 ι.
451 3315 506 3356 nec
518 3314 599 3356 num
617 3293 736 3374 quidam
754 3293 806 3356 Ac.
826 3296 922 3358 Struv.
941 3297 1081 3361 Vinum.
1108 3296 1189 3359 vrit.
1202 3298 1230 3359 3.
1258 3294 1352 3354 Mssk.
1365 3304 1395 3360 r·
1407 3305 1442 3359 Δ.
1472 3293 1568 3360 Gutll.
1579 3293 1608 3356 ὅ.
1621 3293 1650 3366 4.
1663 3315 1732 3378 7.9.

333 3422 378 3462 11.
397 3421 444 3461 ιι.
463 3399 525 3460 Bas.
536 3400 567 3472 l.
588 3399 711 3460 obnoxii
728 3401 859 3481 plerique
874 3399 956 3460 Cort.
973 3398 1071 3460 Codsl.
1087 3417 1251 3480 perperam.
1267 3400 1308 3460 ita
1322 3409 1351 3460 ot
1368 3397 1449 3458 laid.
1465 3419 1578 3460 omncs.
1598 3397 1733 3462 obnoxiis

329 3507 442 3588 aliquot
453 3505 542 3568 nivii.
562 3489 640 3564 Noa.⁵
652 3504 740 3585 pauci
757 3503 880 3576 Wassii,
905 3505 1049 3576 Munatii,
1078 3503 1182 3564 Cottii.
1203 3503 1367 3585 ucutrgitis.
1387 3501 1629 3585 uirginitati.
1658 3525 1735 3568 coto·

329 3613 447 3693 sugitis
464 3613 549 3674 Rom.
564 3634 590 3672 1.
611 3609 761 3692 insurgitis
778 3610 848 3673 vin.
860 3629 889 3670 ι.
909 3607 989 3672 Vtut.
1001 3628 1030 3670 ι.
1051 3608 1152 3689 quibus
1163 3628 1215 3670 vos
1227 3610 1319 3675 dccet.
1337 3627 1390 3672 vos
1399 3629 1462 3676 cm.
1482 3629 1584 3671 omncs
1597 3611 1655 3670 scre
1666 3629 1733 3671 mo-

330 3718 415 3782 llorcs
430 3716 509 3778 libri.
529 3717 593 3798 quis
602 3717 676 3778 Seu:
685 3737 710 3776 ι.
731 3735 772 3774 m.
783 3733 830 3796 pr.
850 3711 925 3774 talio
939 3712 1004 3774 ltoec
1017 3711 1078 3774 siut
1098 3712 1182 3776 sats.
1201 3713 1270 3796 Τις.
1290 3713 1360 3774 Tur.
1380 3714 1444 3774 hnc
1454 3713 1497 3774 ita
1507 3713 1567 3774 ctist
1587 3711 1684 3773 Gusll.
1699 3734 1731 3794 9.

330 3821 387 3882 sint
405 3823 493 3882 ctiam
508 3820 603 3888 Struv.
623 3821 690 3882 Seu.
707 3842 732 3886 ι.
752 3819 856 3881 Franc.
876 3819 979 3880 incsrt.
991 3839 1017 3878 ι.
1043 3817 1106 3878 Bas.
1117 3816 1147 3890 l.
1172 3818 1258 3880 Bsrn.
1270 3840 1297 3884 1.
1316 3817 1426 3898 subegit
1450 3815 1532 3881 bold.
1545 3838 1573 3878 c.
1589 3817 1610 3876 ἲ.
1624 3837 1666 3876 ιιι.
1687 3817 1732 3878 iro

331 3925 445 3990 obsum
464 3923 548 3988 saba.
567 3925 668 3985 Basa.
688 3925 757 4010 Τις.
776 3924 847 3985 Tur.
866 3923 1017 3986 suanm
1036 3931 1078 3984 ost
1090 3943 1153 3983 om.
1168 3921 1290 3985 subm.
1308 3921 1396 3984 ιίίιιιη
1410 3939 1471 3980 om.
1487 3919 1583 3983 suus.
1611 3940 1665 4002 ogo
1679 3937 1733 3984 vos

331 4029 445 4094 hortor.
465 4049 519 4110 ogo
535 4050 596 4094 οιιι.
610 4028 707 4096 Gucll.
720 4050 765 4092 ιο.
785 4029 855 4094 Vin.
867 4048 895 4091 ι.
914 4048 966 4090 vos
980 4047 1041 4090 om.
1053 4025 1151 4090 Guoll'.
1164 4026 1194 4087 3.
1211 4047 1258 4088 sa.
1279 4026 1404 4089 matam
1423 4026 1520 4088 nostri
1535 4023 1648 4089 Fabric.
1668 4023 1732 4088 llas.

337 4156 364 4201 ι.
378 4135 409 4224 Α.
430 4134 566 4207 Gadi-l.
586 4135 694 4221 alliquo
704 4155 739 4198 cx
754 4134 837 4200 Cort.
856 4133 939 4200 laid.
950 4131 982 4196 b.
992 4153 1019 4196 c.
1033 4129 1130 4194 ‹bo-i.
1156 4131 1197 4194 itu
1212 4141 1241 4194 ct
1253 4127 1331 4196 nivii
1347 4129 1427 4192 libri.
1452 4149 1524 4212 opus
1540 4138 1591 4196 stt.
1611 4131 1653 4196 ot
1668 4152 1732 4195 οιιι.

1259 4287 1262 4292 “
1358 4259 1384 4318 tt
