4582 5320
602 454 672 544 104

598 657 718 735 usque
736 629 787 706 ad
803 628 949 706 flumen
966 626 1194 703 Mulucham
1211 631 1283 706 sub
1299 634 1484 738 Iugurtha
1502 655 1631 714 erant:
1655 641 1799 718 Mauris
1823 647 2006 726 omnibus

597 780 664 831 rex
693 752 861 830 Bocchum
892 753 1161 855 imperitabat,
1191 773 1330 859 praeter
1359 785 1501 834 nomen
1526 777 1658 838 catara·
1678 765 1832 870 ignarus
1864 772 2002 875 populi

511 925 519 940 ,
597 876 778 969 Romani,
803 875 970 976 itemque
996 874 1107 949 nobis
1138 901 1264 978 neque
1295 878 1397 954 bello
1414 908 1540 984 neque
1560 912 1653 988 pace
1678 905 1790 966 antea
1820 895 2002 998 cognitus.

596 1001 658 1077 De
680 999 808 1074 Africa
836 1013 875 1074 et
900 997 981 1074 eius
1004 995 1140 1075 incolis
1164 999 1215 1074 ad
1244 1002 1560 1082 necessitudinem
1576 1009 1632 1084 rei
1650 1013 1739 1087 satis
1765 1013 1922 1092 dictum.

547 1141 586 1186 ιο
692 1127 919 1228 Postquam,
943 1121 1064 1199 diviso
1087 1148 1223 1228 regno,
1244 1123 1358 1230 legati
1380 1127 1508 1204 Africa
1532 1130 1732 1226 decessere,
1757 1153 1796 1212 et
1815 1139 2000 1244 Iugurtha

598 1263 734 1323 contra
755 1248 932 1323 timorem
955 1246 1076 1322 animi
1097 1248 1254 1351 praemia
1278 1248 1426 1326 sceleris
1459 1253 1643 1359 adeptum
1670 1283 1746 1334 sese
1776 1261 1898 1357 videt3
1923 1291 2002 1340 cer·

600 1387 685 1444 tum
710 1388 834 1459 ratus,
860 1371 968 1482 qriod
989 1397 1034 1445 ex
1065 1370 1196 1468 amicis
1224 1373 1330 1475 apud
1354 1375 1602 1453 Numantiam
1636 1401 1848 1487 acceperat,
1871 1390 1999 1463 omnia

596 1495 727 1568 Romae
746 1493 895 1568 venalia
916 1519 990 1568 esse
1002 1525 1012 1586 ;
1038 1493 1153 1568 simul
1186 1510 1225 1568 et
1250 1495 1407 1572 illorum
1440 1500 1782 1603 pollicitationibus
1802 1535 2000 1603 accensus,

600 1643 695 1719 quos
716 1617 849 1721 paullo
876 1633 966 1691 ante
1001 1617 1226 1692 muneribus
1253 1619 1487 1721 expleverat,
1520 1624 1563 1699 in
1589 1652 1750 1732 regnum
1776 1630 2000 1711 Adherbalis

596 1740 773 1814 animum
800 1739 976 1814 intendit
1027 1743 1111 1841 Ipse
1140 1765 1248 1829 acer,
1273 1741 1493 1819 bellicosus:
1518 1763 1559 1820 at
1575 1748 1643 1844 sis,
1690 1779 1805 1854 quem
1831 1759 2000 1859 petebat,
2076 1782 2081 1792 ·

596 1864 764 1965 quietus,
786 1861 966 1950 imbellis,
991 1860 1144 1964 placido
1166 1863 1341 1966 ingenio,
1362 1884 1602 1970 opportunus
1629 1871 1796 1988 iniuriae,
1830 1897 2000 1956 metuens
2036 1879 2040 1888 ’

596 1986 713 2088 magis
732 2011 850 2086 quam
871 1983 1106 2058 metuendus.
1150 1983 1271 2087 Igitur
1304 2011 1349 2060 ex
1376 1989 1577 2093 improviso
1603 1993 1689 2071 finis
1709 1999 1789 2074 eius
1809 2028 1898 2078 cum
1921 2033 1999 2080 ma·

595 2095 669 2211 g'ua
692 2133 812 2181 manu
835 2105 983 2181 invadit
994 2138 1005 2200 3
1028 2105 1169 2183 multos
1190 2110 1361 2185 mortalis
1378 2139 1467 2187 cum
1489 2141 1624 2219 pecore
1644 2136 1760 2226 aupue
1777 2124 1852 2200 alia
1871 2129 1998 2231 praeda

595 2230 714 2334 capit,
731 2227 890 2306 aedilicia
909 2228 1096 2318 incendit,
1123 2230 1306 2334 pleraque
1325 2233 1408 2308 loca
1427 2233 1616 2314 hostiliter
1639 2269 1728 2320 cum
1746 2250 1920 2349 equitatu
1939 2281 2001 2329 ac·

595 2353 713 2442 cedit,
748 2350 838 2432 dein
866 2377 956 2426 cum
979 2353 1086 2427 omni
1118 2353 1370 2430 multitudine
1395 2358 1438 2433 in
1467 2387 1628 2465 ragnum
1649 2389 1763 2443 suum
1790 2376 1998 2450 convortit:

595 2475 825 2552 exisurmans
840 2473 1096 2550 Adherbalem
1120 2475 1253 2551 dolore
1271 2495 1500 2582 permotum·
1511 2483 1672 2562 iniurias
1685 2514 1769 2566 suas
1784 2520 1905 2571 manu
1916 2499 2014 2574 vin-w

596 2599 828 2688 dicaunum,
848 2625 1008 2700 eamque
1028 2623 1109 2673 rem
1127 2597 1221 2674 belli
1239 2624 1410 2678 caussam
1426 2601 1516 2681 fore
1539 2607 1590 2682 At
1602 2607 1677 2701 ille,
1697 2615 1803 2714 quod
1822 2645 1946 2724 neque
1959 2649 1997 2699 se

488 2753 491 2760 ·
594 2712 727 2826 parem
744 2723 858 2798 armis
878 2721 1132 2798 existumabat
1154 2737 1193 2797 et
1213 2723 1380 2799 amicitia
1401 2729 1536 2830 populi
1558 2732 1721 2808 Romani
1745 2740 1861 2843 magis
1881 2771 1998 2845 quam

595 2845 770 2924 Numidis
797 2846 915 2922 fretus
946 2860 1049 2934 erat,
1081 2842 1222 2950 legatos
1250 2845 1301 2920 ad
1323 2848 1551 2953 Iugurtham
1571 2853 1619 2931 de
1642 2855 1793 2936 iniuriis
1824 2884 1998 2968 questum

595 3067 691 3130 misia
708 3070 778 3131 Vin.
793 3088 821 3128 ι.
842 3067 1052 3147 usqueflumen
1073 3065 1186 3129 lubrie.
1208 3067 1368 3148 imperabat
1388 3070 1458 3132 Tur.
1477 3074 1590 3140 Booeua
1608 3077 1717 3146 Vina.
1739 3081 1836 3145 Guelf.
1854 3087 1918 3150 a3.
1938 3091 1998 3152 atii.
2122 3071 2127 3080 Ι

592 3177 758 3253 pervetera
777 3179 881 3235 Franc.
900 3173 997 3236 Struv.
1017 3175 1085 3236 Ecc.
1106 3173 1191 3234 Rem.
1207 3195 1232 3241 ι.
1261 3174 1329 3237 vin.
1348 3197 1377 3243 ι.
1406 3177 1504 3241 Gusll.
1520 3180 1549 3252 Α.
1564 3202 1609 3244 ιο.
1624 3204 1670 3244 ιι.
1696 3195 1786 3246 anteo
1804 3207 1891 3270 cogn.
1910 3204 1997 3256 anton

525 3317 527 3322 .
594 3277 996 3339 om,p2hr,1.n0bssbel10
1022 3278 1084 3338 Bas.
1098 3277 1127 3350 4.
1158 3277 1238 3338 Vrat.
1256 3299 1282 3337 ι.
1308 3288 1338 3339 at
1357 3280 1460 3342 incolit
1480 3282 1577 3346 Guels.
1591 3287 1621 3358 d.
1651 3290 1847 3352 muntem
1865 3295 1998 3364 Leidm.

594 3385 698 3441 runo.
719 3383 815 3442 senat.
835 3403 863 3440 ι.
885 3383 985 3442 lleuss.
1006 3382 1051 3442 rei
1069 3403 1130 3442 om.
1145 3381 1207 3442 Bas.
1223 3381 1252 3454 d.
1273 3382 1371 3450 Turio.
1391 3386 1461 3448 satis
1475 3389 1589 3450 dictum
1608 3393 1650 3454 sic
1664 3396 1806 3456 meliorus.
1825 3407 1867 3460 est
1885 3400 1999 3464 addunt

594 3485 708 3566 aliquot
721 3505 755 3544 ex
766 3484 848 3544 Laid.
859 3485 889 3544 b.
903 3506 929 3544 c.
943 3486 973 3544 d.
987 3507 1013 3546 e.
1023 3509 1053 3568 g.
1064 3484 1097 3546 h.
1108 3487 1136 3550 k.
1152 3508 1192 3546 m.
1213 3488 1283 3547 Tur.

678 3610 752 3693 Cup.
773 3631 822 3676 ιο.
849 3633 940 3692 ragno
960 3613 1052 3676 dtiaeuo
1073 3613 1136 3674 lias.
1155 3636 1180 3674 ι.
1210 3615 1362 3677 ductum
1389 3620 1483 3680 maior
1505 3617 1602 3682 codd.
1621 3645 1697 3705 pars.
1721 3629 1864 3690 dtmsert
1883 3632 1997 3696 Gruter.

593 3720 707 3800 aliquot
724 3716 822 3782 Girall.
842 3717 996 3778 Fabrici.
1017 3717 1148 3778 Remis.
1168 3717 1263 3785 strar.
1284 3718 1347 3778 Bas.
1363 3719 1393 3790 d.
1413 3721 1510 3788 Turio.
1531 3725 1613 3786 Laid.
1634 3729 1671 3788 ab
1683 3727 1790 3807 ffiiea
1807 3735 1921 3802 dasem.
1942 3745 1999 3802 Ρι-

593 3819 667 3884 bric.
680 3843 708 3883 a.
729 3820 826 3887 Guell.
844 3843 889 3887 ιι.
909 3821 990 3881 leid.
1004 3843 1032 3880 a.
1045 3821 1076 3880 d.
1096 3840 1134 3880 aa
1145 3818 1197 3898 As.
1217 3821 1298 3883 leid.
1313 3822 1344 3882 b.
1365 3844 1424 3886 sesa
1441 3828 1538 3908 adopt·
1559 3829 1656 3892 Gueli.
1674 3833 1703 3894 ὅ.
1723 3855 1782 3896 sese
1800 3859 1861 3900 om.
1887 3841 1950 3902 Bas.
1967 3844 1996 3914 l.

593 3927 670 3988 vidit
689 3926 787 3987 Guell.
797 3949 825 4007 7.
846 3926 928 3986 Leid.
943 3928 964 3990 f.
977 3927 999 3985 i.
1025 3933 1138 3986 certum
1154 3935 1237 3988 roim
1256 3928 1322 3992 ttiv.
1338 3941 1368 3990 et
1378 3929 1519 3992 Gruterus
1528 3953 1562 3993 ex
1573 3954 1658 3996 macr.
1672 3939 1785 4020 aliquot
1793 3943 1896 4004 Corui.
1917 3946 1997 4008 laid.

594 4051 620 4091 a.
638 4031 660 4089 l.
670 4054 699 4113 g.
711 4033 731 4091 i.
743 4052 774 4100 n,
795 4031 857 4090 Bm.
869 4031 898 4102 d.
919 4049 976 4090 essa
998 4032 1086 4112 longa
1103 4031 1225 4110 plurimi
1236 4031 1364 4109 addunt,
1379 4035 1412 4094 in
1427 4034 1533 4116 quibus
1553 4036 1616 4098 Ba.
1635 4060 1661 4099 ι.
1683 4042 1795 4110 ΡιΙιιίο,
1813 4066 1839 4106 ι.
1859 4047 1956 4111 Sonat.
1970 4073 1996 4112 ι.

594 4133 679 4194 llam.
706 4135 787 4196 leid.
799 4136 826 4195 l.
839 4139 861 4196 l.
888 4135 986 4195 Turio.
1007 4134 1094 4193 Bern.
1105 4133 1134 4198 3.
1158 4143 1271 4194 terrm
1284 4145 1326 4196 est
1350 4136 1433 4198 Laid.
1446 4159 1487 4197 m.
1515 4158 1553 4200 aa
1565 4141 1669 4204 urica
1689 4145 1766 4207 delet
1784 4149 1851 4212 Eoo.
1871 4155 1915 4213 ad
1928 4153 1997 4216 Nu-

595 4239 742 4298 mantiam
760 4243 793 4299 in
814 4241 966 4300 nonnullis
981 4239 1040 4322 legi
1056 4237 1157 4302 Rivius
1172 4240 1247 4300 tastis
1261 4250 1312 4300 ut
1338 4249 1367 4301 et
1381 4240 1501 4302 illorum
1514 4245 1586 4325 poll.
1607 4257 1637 4306 et
1656 4269 1717 4310 om.
1737 4257 1836 4332 plures
1856 4256 1953 4324 Gucll.
1973 4260 1998 4320 is

594 4342 727 4420 artemas
746 4343 1004 4410 abestGuelt'.1o.
1021 4343 1158 4424 placidus
1177 4342 1295 4424 ingenie
1315 4345 1397 4407 Laid.
1409 4367 1436 4410 c.
1456 4346 1572 4412 invadit
1590 4349 1654 4412 Bas.
1668 4374 1695 4413 1.
1713 4353 1811 4420 Turio.
1832 4359 1917 4429 Bam.
1931 4370 1996 4430 ul.
