4570 5316
1611 437 1693 530 ‚185

282 587 407 696 Dein,
429 621 632 708 postquam
651 611 799 710 tempus
822 606 963 698 visum,
989 608 1118 687 eastris
1145 610 1359 714 egreditur,
1384 628 1611 714 noctemque
1638 629 1696 688 to·

283 735 363 804 tam
381 728 519 804 itinere
539 729 657 822 sacto,
682 730 869 824 consedit,
894 730 996 806 idem
1013 759 1201 834 proxuma
1220 731 1331 825 sacit3
1349 733 1440 810 dein
1463 735 1574 809 tertia
1595 734 1696 814 mul-

283 865 323 926 to
343 867 433 928 ante
449 851 545 928 lucis
568 855 792 944 adventum,
817 855 991 957 pervenit
1014 855 1054 930 in
1079 855 1208 931 locum
1232 856 1484 948 tumulosum,
1511 860 1560 933 ab
1576 861 1695 962 Capsa

284 985 365 1049 'non
389 977 553 1080 amplius
574 977 697 1053 duum
715 977 884 1052 millium
903 977 1130 1054 intervallo:
1157 980 1306 1082 ibique,
1329 1007 1447 1082 quam
1475 981 1697 1062 occultissu-

281 1121 343 1172 me
361 1115 505 1201 potest,
520 1126 610 1197 eum
632 1101 811 1175 omnibus
844 1100 963 1203 copiis
979 1104 1186 1204 opperitur.
1239 1103 1311 1178 Sed
1331 1104 1399 1178 ubi
1421 1103 1499 1178 dies
1521 1105 1641 1208 eoepit
1657 1120 1697 1181 et

280 1219 471 1312 Numidae,
486 1221 585 1296 nihil
599 1221 736 1297 hostile
749 1239 971 1313 metuentes,
989 1221 1103 1298 multi
1118 1225 1259 1329 oppido
1274 1227 1424 1331 egressi3
1437 1231 1596 1330 'repente
1613 1222 1695 1304 om·

287 1369 375 1418 nem
399 1345 615 1446 equitatum
633 1345 776 1421 etcum
794 1345 854 1430 his
870 1346 1130 1422 velocissumos
1157 1348 1301 1450 pedites
1325 1376 1439 1424 cursu
1461 1351 1616 1454 tendere
1643 1350 1694 1426 ad

284 1468 443 1570 Capsam
456 1483 494 1541 et
505 1484 632 1570 portas
646 1467 818 1544 obsidere
829 1470 955 1544 iubet:
971 1471 1110 1546 deinde
1125 1472 1203 1576 ipsc
1215 1475 1562 1575 intentuspropere
1574 1475 1707 1576 sequi„

284 1613 411 1692 neque
427 1590 565 1666 milites
586 1591 751 1694 praedari
770 1575 902 1668 sinene.
945 1595 1042 1691 Quae
1070 1612 1273 1699 postquam
1289 1579 1484 1699 ¹oppidani
1510 1621 1706 1701 cognose--

282 1735 343 1804 re;
367 1737 424 1788 res
446 1714 620 1818 trepidae,
645 1729 767 1789 metus
793 1714 943 1820 ingens,
968 1717 1116 1790 malum
1136 1718 1404 1819 improvisum,
1436 1716 1581 1793 adhoc
1602 1744 1691 1821 pane

284 1836 424 1912 civium
445 1851 550 1912 extra
580 1836 723 1912 moenia
754 1836 795 1912 in
821 1835 991 1913 hostium
1017 1853 1233 1940 potestates
1254 1865 1424 1944 coegere,
1448 1837 1509 1914 uti
1532 1839 1693 1916 deditio»
1747 1905 1749 1908 .

283 1986 372 2035 nem
388 1957 565 2035 facerent
591 1961 791 2034 ‘Ceterum
810 1958 1000 2063 oppidum
1015 1960 1238 2036 incensum:
1263 1963 1439 2038 Numidae
1457 1963 1617 2065 puberes
1633 1964 1710 2040 in--=

283 2081 428 2158 terfecti
439 2108 451 2175 ς
475 2082 542 2157 alii
567 2108 696 2160 omnes
713 2109 856 2158 venum
879 2082 960 2157 dati
986 2115 994 2157 :
1019 2083 1147 2187 praeda
1170 2083 1359 2161 militibus
1392 2085 1521 2160 divisa.
1566 2085 1612 2160 ld
1636 2085 1692 2160 fa-

286 2205 396 2282 cinus
414 2204 621 2280 contraius
639 2204 750 2295 belli,
776 2231 858 2280 non
877 2205 1038 2281 avaritia
1061 2233 1187 2308 neque
1208 2207 1346 2283 scelere
1364 2207 1538 2283 Consulis
1555 2207 1710 2284 admisu

282 2354 388 2421 sum;
409 2329 475 2404 sed
494 2329 585 2432 quia
612 2329 718 2404 loeus
737 2327 934 2432 Iugurthae
956 2346 1218 2433 opportunus,
1242 2333 1353 2407 nobis
1370 2331 1480 2406 aditu
1504 2330 1667 2406 difficilis
1684 2362 1708 2402 :2

283 2479 399 2558 genus
414 2450 619 2530 hominum
634 2451 785 2539 mobile,
817 2449 983 2527 infidum
999 2469 1105 2542 ante,
1130 2479 1256 2556 neque
1272 2453 1456 2530 beneficio
1473 2481 1600 2557 neque
1616 2479 1694 2530 me·

286 2592 329 2650 tu
361 2575 576 2650 coercitum.
627 2578 831 2678 Postquam
867 2588 1016 2648 tantam
1041 2599 1122 2647 rem
1146 2573 1291 2648 Marius
1319 2577 1403 2651 sine
1423 2559 1505 2651 ullo
1534 2602 1758 2669 suorum922
1788 2567 1789 2570 ¹

285 2699 527 2775 incommodo
542 2697 726 2802 patravit3
752 2721 912 2801 magn-us
927 2711 974 2772 et·
985 2696 1109 2772 clauis
1128 2714 1256 2786 antea,
1282 2697 1404 2772 maior
1420 2712 1536 2798 atque
1553 2697 1694 2772 clarior

285 2820 419 2898 baberi
432 2822 558 2924 coepit
609 2821 750 2927 Omnia
761 2847 841 2897 non
854 2820 951 2895 bene
964 2818 1136 2894 consulta
1156 2819 1197 2894 in
1213 2821 1397 2899 virtutem
1411 2819 1664 2896 trahebantur
1681 2853 1690 2893 :

285 2945 424 3022 milites
440 2943 608 3018 modesto
625 2943 785 3048 imperio
806 2941 930 3018 babiti
946 2942 1110 3042 simulet
1125 2943 1331 3047 locupletes
1348 2941 1557 3019 ad'ooelum
1568 2942 1666 3018 ferre
1681 2976 1706 3016 :2

286 3171 355 3254 Teg.
384 3171 524 3258 Guelfst.
546 3173 680 3232 meliores
692 3171 819 3238 Gruteri.
845 3171 970 3249 infidum
988 3178 1058 3231 onte
1087 3171 1173 3232 Paris.
1185 3168 1267 3230 asi.
1288 3170 1343 3245 itffi
1359 3179 1449 3230 anteo
1468 3169 1589 3230 Panse.
1611 3157 1709 3230 melus

287 3287 441 3342 coercetur,
454 3276 524 3337 Seu.
539 3296 566 3336 a.
588 3277 687 3336 Heuss.
707 3275 813 3337 l'mnc.
825 3274 930 3336 ¹Guelf.
944 3297 970 3334 t.
982 3295 1009 3334 a.
1021 3275 1216 3334 coercebatur
1236 3272 1333 3333 Guell.
1346 3273 1377 3334 3.
1394 3274 1426 3346 A,
1439 3295 1467 3354 9.
1489 3273 1556 3342 Eae·
1577 3277 1706 3359 aliquot-3

288 3381 381 3441 Palats

369 3507 441 3590 Cap.
457 3531 505 3590 92·
527 3508 715 3568 incommodo
723 3507 853 3590 patmoit
872 3507 995 3570 verbum
1007 3527 1071 3566 om.
1092 3505 1204 3570 Fabric.
1224 3528 1250 3565 1.-
1263 3489 1368 3567 ¹(luell.
1383 3527 1408 3567 1.
1421 3507 1526 3568 .Scnet.
1538 3529 1571 3568 aa
1588 3507 1688 3588 llenn,

283 3615 351 3674 Nan.
363 3611 613 3676 ,Commel,.l.eid.
627 3611 738 3678 l..'l'ur.
760 3634 799 3671 m.
812 3631 857 3692 pr.
880 3611 967 3692 (feeit
982 3613 1028 3675 vel
1039 3611 1159 3691 peregit
1171 3609 1287 3672 addidit
1298 3628 1344 3672 tn.
1353 3611 1429 3692 sce.)
1447 3611 1689 3693 peregitlldarius
1703 3640 1708 3664 .-

285 3717 347 3778 Bas.
359 3739 386 3782 ι,
406 3717 490 3776 Bem.
501 3709 535 3779 ds
551 3720 610 3777 inc.
631 3717 715 3782 Rem.
736 3715 787 3777 Ac.
808 3715 912 3776 Franc.
934 3715 1021 3805 Palm.
1031 3715 1060 3776 3.
1074 3717 1101 3782 5.
1115 3716 1143 3776 6.
1154 3738 1181 3798 7.
1191 3717 1220 3774 8.
1238 3715 1320 3776 Leid.
1330 3739 1357 3776 a.
1369 3715 1400 3775 b.
1412 3717 1442 3780 d.
1455 3737 1481 3775 c.
1490 3718 1514 3775 l.
1526 3713 1558 3774 b.
1568 3715 1595 3775 l.
1604 3736 1645 3773 m.
1656 3736 1688 3775 n.
1711 3714 1716 3724 ’

285 3823 365 3884 Vrat.
379 3843 406 3883 a.
432 3819 545 3904 Berger.
566 3820 663 3881 Gucll.
679 3841 725 3880 12.
746 3831 775 3881 et
795 3841 900 3882 omnes
913 3819 989 3886 Edit.
1005 3827 1066 3883 vet·
1078 3830 1234 3901 postquam
1248 3821 1309 3900 egit
1328 3821 1430 3881 Vican-
1444 3841 1469 3878 t.
1492 3819 1569 3880 vrat.
1584 3838 1610 3879 1.
1633 3818 1689 3879 Pa-

286 3925 382 4002 lat-tl,¹
397 3935 550 4008 postquam
560 3924 674 4007 peregit
691 3925 817 3990 chtt.
838 3948 863 3988 r.
878 3925 992 4010 peragit
1007 3925 1051 3986 M.
1072 3925 1169 3986 Guelf.
1182 3913 1209 3985 a.
1230 3925 1291 3984 duo
1304 3924 1418 3985 Wassii.
1433 3931 1590 4018 postquam
1601 3921 1704 4002 gestit

287 4031 379 4093 Mark„
394 4045 430 4094 Δ.
450 4030 638 4092 incommodo
651 4033 751 4111 qffecit
770 4032 833 4094 llas.
850 4033 879 4104 4.
908 4032 979 4093 Post
996 4041 1113 4091 tantam
1128 4051 1191 4090 rem
1202 4028 1324 4088 Marin
1343 4029 1404 4088 sine
1422 4027 1481 4086 ullo
1496 4045 1616 4104 satorum
1637 4025 1707 4086 in·-

288 4136 569 4198 commodo-seni.
591 4135 674 4196 Fabr.
687 4157 719 4198 as
738 4135 849 4196 Omnia
870 4157 932 4196 non
948 4136 1016 4194 bene
1033 4136 1167 4195 comella
1182 4134 1270 4192 modo
1293 4151 1392 4192 rerum
1408 4128 1498 4190 ettam
1520 4134 1705 4192 canedulo·

289 4241 327 4300 in
340 4262 369 4301 v.
380 4251 419 4304 tr.
443 4239 539 4298 Guelf.
549 4237 578 4298 3.
599 4239 679 4299 Leid.
691 4263 718 4300 a.
731 4264 757 4300 c.
779 4241 828 4299 alii
842 4242 938 4321 pauci.
959 4239 1120 4298 trabuntur
1140 4237 1286 4298 Commel.
1308 4227 1407 4297 omnes
1423 4234 1497 4294 socii
1510 4217 1707 4315 cinnaeque·

289 4345 383 4406 hostes
401 4343 487 4406 Bodt
499 4344 566 4406 ,Est
587 4343 689 4408 l't'anc.
717 4363 817 4405 omncs
833 4343 907 4406 socii
922 4351 1009 4420 atqua
1027 4341 1169 4403 cohortes
1187 4341 1289 4402 Nazar-
1300 4339 1382 4400 bene.
1393 4361 1419 4400 1.
1441 4360 1538 4423 mpp.
1560 4351 1705 4401 musteum
