4582 5320
1647 519 1697 623 57

290 692 448 771 illorum
465 714 540 768 esse
550 721 561 786 3
586 687 652 766 sed
670 675 845 796 plerique
865 677 1042 768 mortales
1063 681 1251 799 postrema
1266 683 1493 787 meminere,
1517 711 1556 772 et
1574 697 1617 776 in
1629 699 1701 778 ho·

289 816 459 892 minibus
478 811 605 920 impiis
625 812 772 889 sceleris
788 839 923 890 eorum
936 814 1046 891 obliti
1063 815 1110 892 de
1128 843 1244 923 poena
1258 816 1466 910 disserunt,
1482 817 1514 895 si
1532 847 1573 896 ea
1588 824 1702 926 paul·

291 939 328 1016 lo
348 938 510 1015 severior
527 935 610 1012 fuit.
646 937 692 1010 D.
711 935 907 1028 Silanum,
930 937 1057 1014 virum
1080 936 1217 1015 fortem
1237 954 1353 1042 atque
1376 956 1593 1030 strenuum,
1619 971 1698 1022 oer-

292 1077 328 1136 te
353 1062 446 1149 scio,
473 1084 558 1162 quoe
584 1057 744 1147 dixerit,
779 1057 906 1134 studio
929 1060 1151 1166 reipublicae
1175 1061 1329 1154 dixisse,
1364 1088 1490 1166 neque
1514 1065 1627 1141 illum
1654 1069 1697 1146 in

290 1201 397 1259 tanta
425 1209 465 1256 re
500 1181 664 1287 gratiam
700 1197 769 1256 aut
795 1181 1017 1258 inimicitias
1050 1210 1250 1279 exercere5
1286 1211 1347 1260 eos
1377 1212 1498 1262 mores
1537 1215 1698 1292 eamque

291 1307 513 1383 modestiam
527 1303 599 1380 viri
616 1304 784 1408 cognovi.
817 1307 963 1382 Verum
984 1307 1171 1382 sententia
1192 1308 1272 1382 eius
1292 1308 1390 1386 mihi
1411 1337 1492 1385 non
1512 1313 1698 1405 crudelis,

288 1430 384 1536 quid
403 1430 507 1506 enim
532 1428 574 1503 in
596 1428 682 1503 talis
702 1426 876 1504 homines
905 1429 1060 1506 crudele
1085 1429 1167 1505 fieri
1189 1435 1335 1535 potest?
1360 1432 1425 1508 sed
1450 1433 1575 1510 aliena
1595 1463 1617 1512 a
1640 1462 1699 1512 re·

288 1555 444 1662 publica
469 1568 596 1628 nostra
619 1551 779 1627 videtur.
817 1554 915 1629 Nam
945 1552 1115 1658 prolecto
1139 1571 1207 1628 aut
1229 1572 1372 1646 metus,
1398 1573 1467 1631 aut
1489 1556 1632 1634 iniuria
1660 1577 1696 1636 te

288 1679 451 1784 subegit,
477 1676 615 1765 Silano,
632 1674 835 1751 Consulem
858 1675 1115 1782 designatum,
1131 1667 1249 1783 genus
1266 1703 1392 1786 poenoe
1407 1704 1550 1755 novum
1567 1680 1695 1757 decer-

288 1829 385 1880 nere
424 1804 483 1876 De
504 1799 640 1874 timore
656 1825 980 1903 supervacaneum
994 1817 1049 1876 est
1068 1799 1265 1891 disserere,
1292 1827 1415 1902 quum
1437 1801 1614 1905 praesenti
1639 1805 1696 1880 di-

288 1925 441 2034 ligentia
462 1923 761 1998 clarissumiviri
781 1922 956 1999 Consulis
977 1939 1084 1998 tanta
1107 1923 1281 2027 praesidia
1304 1924 1382 1999 sint
1407 1925 1450 2000 in
1475 1926 1597 2001 armis.
1636 1931 1697 2004 De

287 2078 402 2157 poena
423 2073 620 2155 possumus
645 2044 825 2148 equidem
842 2045 968 2121 dicere
988 2045 1048 2136 id,
1075 2047 1179 2149 quod
1200 2072 1257 2121 res
1277 2045 1416 2122 hahet:
1443 2047 1486 2122 in
1505 2048 1614 2125 luctu
1639 2068 1696 2126 at-

285 2203 361 2280 que
391 2172 549 2252 miseriis
575 2187 737 2244 mortem
760 2193 1021 2244 aerumnarum
1053 2170 1224 2272 requiem
1250 2195 1330 2245 non
1360 2167 1576 2247 cruciatum
1602 2199 1695 2250 esse,

283 2327 368 2376 eam
393 2313 532 2374 cuncta
558 2293 779 2370 mortalium
799 2292 901 2367 mala
921 2291 1140 2387 dissolvere5
1163 2292 1266 2367 ultra
1293 2319 1419 2395 neque
1439 2320 1541 2370 curae
1567 2323 1693 2401 neque

282 2423 424 2530 *gaudio
459 2421 588 2496 locum
619 2444 701 2493 esse.
742 2415 836 2504 Sed,
873 2441 942 2518 per
963 2415 1051 2490 deos
1080 2415 1304 2490 immortalis
1325 2420 1334 2490 l
1365 2420 1617 2520 quamobrem
1650 2421 1693 2500 in

284 2545 511 2624 sententiam
535 2569 615 2619 non
639 2538 837 2628 addidisti,
862 2537 920 2611 uti
940 2537 1048 2640 prius
1070 2537 1289 2614 verberibus
1312 2539 1354 2614 in
1374 2565 1435 2614 eos
1450 2542 1692 2618 animadvor-

285 2673 456 2748 teretur?
482 2695 550 2759 an,
577 2666 669 2769 quia
685 2664 746 2738 lex
766 2663 897 2738 Porcia
921 2664 1047 2737 vetat?
1076 2661 1209 2736 atalia
1229 2661 1323 2765 leges
1345 2662 1438 2736 item
1458 2664 1690 2740 condemna-

285 2796 330 2870 tis
348 2795 493 2870 civibus
509 2819 589 2867 non
611 2788 782 2864 animam
804 2786 920 2891 eripi,
947 2784 1012 2861 sed
1034 2784 1193 2860 exilium
1222 2783 1394 2888 permitti
1416 2783 1559 2860 iubent.
1609 2791 1688 2880 An,

283 2918 373 3024 quia
397 2917 545 3024 gravius
562 2931 632 3003 est,
660 2910 869 3001 verberari,
895 2936 1013 3013 quam
1033 2909 1188 2984 necari?
1213 2905 1309 3010 quid
1337 2923 1466 2982 autem
1489 2908 1688 3002 acerbum,

283 3071 362 3159 mic..
372 3093 470 3158 Gu'ell.
483 3097 511 3157 5.
531 3093 582 3156 do.
603 3113 722 3172 eamque
736 3089 908 3152 medantam
923 3088 991 3150 viri.
1013 3108 1066 3168 que
1080 3109 1140 3148 om.
1157 3089 1216 3148 ino.
1231 3109 1258 3147 2.
1278 3087 1374 3148 Stmr.
1395 3073 1492 3148 Guelt'.
1506 3107 1552 3148 ια.
1566 3091 1627 3150 alii.
1639 3101 1689 3150 ot·

282 3223 408 3284 queram
417 3201 477 3266 Erl.
497 3181 714 3280 atquae-modest.
730 3193 1000 3257 midumonds
1014 3193 1073 3254 eius
1090 3191 1167 3252 mihi
1177 3211 1239 3251 non
1255 3189 1391 3252 crudelis.
1412 3191 1473 3251 eius
1484 3193 1568 3252 omis.
1590 3191 1687 3254 Guelf.

285 3331 311 3370 a.
324 3309 390 3371 Eoo.
400 3309 470 3369 vin.
480 3327 506 3366 o.
517 3325 581 3366 non
593 3302 670 3363 mihi
681 3301 817 3363 crudelis.
827 3299 925 3360 Gusll.
934 3299 963 3358 6.
979 3319 1025 3360 10.
1040 3299 1090 3357 olii
1099 3296 1161 3356 Bas.
1173 3295 1202 3357 ὅ.
1224 3294 1309 3354 Bern.
1322 3293 1382 3354 ad.
1404 3305 1461 3367 est,
1471 3295 1689 3366 esse,va

280 3413 497 3477 adduntStrur.
509 3410 643 3472 incvin.
661 3430 686 3468 ι.
707 3407 792 3466 Rem.
809 3425 833 3464 t.
855 3403 917 3463 Bas.
935 3423 962 3466 2.
976 3401 1005 3474 4.
1027 3402 1123 3461 Gucll'.
1138 3401 1167 3460 6.
1182 3421 1210 3481 7.
1231 3399 1315 3460 Bern.
1329 3397 1357 3460 π’.
1378 3397 1546 3471 teSiIlane,
1566 3403 1688 3482 subegit,

281 3539 359 3580 cons.
381 3514 545 3597 Μίμας.
560 3535 586 3574 ι.
615 3517 876 3593 supervocuumost
895 3507 958 3568 Bas.
972 3528 1001 3568 a.
1021 3505 1130 3568 Vina.
1148 3503 1453 3590 proessntidiligmtio
1482 3503 1544 3564 Bas.
1561 3526 1587 3564 ι.
1607 3519 1688 3568 retus

282 3621 408 3684 Putschii
422 3619 497 3680 Cod.
515 3617 677 3701 presertim
695 3616 791 3676 ceteri.
822 3631 972 3695 possumus
985 3611 1119 3691 eamdam
1138 3630 1241 3700 omnes
1254 3610 1312 3670 lere
1329 3610 1418 3669 Palat.
1438 3607 1536 3670 Guelf.
1551 3611 1578 3674 5.
1587 3611 1616 3670 6.
1636 3614 1688 3671 alii

280 3730 377 3811 pauci.
398 3726 478 3792 Leid.
490 3725 521 3785 d.
535 3745 561 3784 e.
574 3746 614 3783 m.
629 3743 660 3780 n.
681 3719 744 3779 Bas.
755 3718 784 3780 ὅ.
807 3717 924 3797 attidem
936 3735 1086 3800 paramus
1104 3715 1164 3775 Erl.
1191 3714 1287 3794 equod.
1298 3733 1448 3795 posennus
1467 3712 1536 3778 Tur.
1554 3733 1579 3778 ι.
1600 3712 1685 3774 Bem.

284 3852 434 3914 opaeum
452 3833 540 3914 longe
554 3831 633 3910 plur.
654 3826 688 3885 in
702 3822 846 3884 renuntia
862 3841 924 3883 non
933 3823 984 3887 ad.
1005 3819 1103 3881 Gnels.
1120 3820 1147 3879 5.
1167 3819 1263 3882 Struv.
1277 3817 1359 3877 leid.
1379 3837 1421 3876 m.
1442 3813 1546 3878 inari!
1555 3819 1688 3896 permitti

280 3942 410 4023 quinque
436 3935 562 3996 Gruteri.
580 3932 643 3992 Bos.
658 3951 686 3992 a.
706 3929 775 3992 tun.
790 3948 815 3987 1.
834 3928 930 3990 Strui.
962 3924 1060 3987 Guell'.
1078 3946 1104 3985 ι.
1118 3923 1147 3998 4.
1164 3940 1192 4006 7.
1205 3923 1234 3987 8.
1263 3921 1323 3980 ino.
1339 3939 1366 3980 a.
1393 3919 1460 3980 llos.
1482 3940 1523 3978 m.
1537 3939 1594 3979 seo.
1614 3919 1683 4001 Teg.

278 4037 380 4110 Toni.
396 4061 500 4115 mmo.
512 4059 574 4100 non
586 4037 720 4097 animam
733 4031 879 4116 armillas.
890 4036 953 4096 ι.5.
974 4031 1044 4099 Tar.
1060 4051 1085 4090 ι.
1101 4049 1129 4095 a.
1144 4027 1229 4088 Bora.
1242 4025 1308 4086 nd.
1329 4024 1409 4085 Leid.
1420 4021 1450 4084 d.
1458 4043 1484 4088 ο.
1493 4023 1521 4082 k.
1536 4041 1684 4104 oonpre-

280 4158 397 4230 ponunt
409 4147 508 4216 etiam,
526 4143 576 4204 sed
588 4141 684 4204 vitam
698 4144 800 4222 legunt
819 4137 899 4200 leid.
911 4159 937 4199 e.
948 4138 968 4198 i.
989 4135 1076 4198 Bora.
1093 4155 1121 4195 r.
1141 4132 1204 4193 Bas.
1221 4150 1248 4192 a.
1256 4129 1290 4210 d.
1318 4128 1452 4190 animam
1471 4119 1682 4195 ammarum.

273 4251 363 4315 Bern.
377 4271 405 4318 a.
429 4271 470 4310 m.
485 4269 540 4310 sec.
562 4246 649 4308 nimr's
661 4263 751 4327 grove
766 4251 816 4306 est.
846 4249 887 4304 est
909 4245 1012 4304 locum
1029 4249 1124 4302 mutat
1136 4239 1169 4298 in
1188 4234 1285 4296 Guels.
1308 4233 1338 4306 Α.
1366 4235 1427 4296 ine.
1444 4251 1473 4296 a.
1492 4231 1612 4315 gravitr
1630 4243 1681 4295 stt.

1333 4381 1358 4456 8
