4542 5318
630 449 720 542 ,270

646 601 718 690 cit,
743 599 872 676 utine
901 599 1046 673 inimici
1077 598 1233 701 quidem
1255 597 1328 672 fari
1354 601 1561 700 quicquam
1587 597 1772 690 audeant,
1805 598 1878 674 nisi
1899 600 1948 675 de
1967 626 2050 674 ma·

643 724 849 828 gnitudine
880 739 971 796 tna:
996 722 1095 824 quin
1121 739 1165 796 tu
1190 720 1319 824 accipe
1349 747 1414 810 ea,
1437 745 1522 822 quae
1544 719 1671 796 dicam
1693 720 1741 797 de
1760 747 1910 798 summa
1935 751 2050 826 repu-

648 847 757 922 blica.
793 845 890 943 Quae
911 842 1082 952 profecto
1104 859 1173 918 aut
1193 869 1281 920 vera
1304 842 1586 956 ¹inveniemaut
1608 859 1708 919 certe
1728 841 1836 920 haud
1865 843 2001 949 procul
2025 873 2048 922 a

561 1021 583 1042 ,.
620 996 745 1056 svera.
781 967 853 1043 Sed
873 968 1059 1072 quoniam
1082 969 1148 1042 Cn.
1172 967 1372 1069 Pompeius
1400 982 1468 1041 aut
1487 965 1607 1041 animi
1639 966 1844 1070 pravitate,
1865 983 1935 1044 aut
1957 969 2049 1072 quia

647 1089 747 1168 nihil
770 1118 813 1167 eo
836 1091 994 1180 maluit,
1019 1089 1123 1192 quod
1147 1089 1218 1164 tibi
1239 1090 1398 1177 obesset,
1423 1089 1475 1162 ita
1497 1088 1705 1192 lapsusest,
1727 1105 1771 1162 ut
1787 1086 1960 1166 hostibus
1976 1091 2049 1167 tela

647 1214 689 1290 in
713 1239 850 1290 manus
876 1215 1037 1290 iaceret:
1075 1211 1215 1315 ‹pribus
1246 1212 1311 1287 ille
1342 1211 1453 1286 rebus
1482 1210 1760 1314 rempublicam
1786 1214 2052 1303 conturbavit,

646 1335 786 1414 eisdem
806 1337 876 1412 tibi
901 1335 1179 1412 restituendum
1199 1351 1260 1410 est.
1300 1334 1472 1409 Primum
1495 1334 1670 1408 omnium
1684 1361 1872 1410 summam
1890 1353 2050 1440 potesta-

649 1476 725 1538 tem
748 1458 972 1536 moderandi
998 1458 1044 1534 de
1066 1457 1334 1563 vectigalibus,
1358 1457 1591 1560 sumptibus,
1622 1455 1793 1547 iudiciis,
1817 1461 2051 1536 senatoribus

647 1581 778 1687 paucis
801 1581 984 1674 tradidit3
1007 1579 1157 1684 plebem
1186 1581 1413 1668 Romanam,
1439 1579 1547 1654 cuius
1577 1594 1688 1654 antea
1711 1605 1860 1656 summo
1892 1599 2050 1685 potestas

648 1723 750 1792 erat,
776 1729 920 1807 nosque
940 1701 1000 1778 his
1022 1701 1178 1806 quidem
1202 1702 1346 1806 legibus
1369 1703 1409 1775 in
1430 1701 1610 1776 servitute
1630 1701 1795 1804 reliquit.
1832 1703 1976 1780 Iudicia
1997 1721 2050 1777 ta-

650 1827 777 1914 metsi,
802 1827 900 1900 sicut
922 1843 1054 1912 antea,
1081 1826 1203 1899 tribus
1229 1825 1429 1898 ordinibus
1458 1822 1598 1898 tradita
1630 1841 1742 1912 sunt;
1775 1843 1902 1900 tamen
1936 1826 2050 1901 iidem

650 1949 707 2022 illi
738 1949 882 2020 factiosi
918 1964 1072 2048 regunt,
1097 1947 1211 2034 dant,
1236 1947 1431 2034 adimunt,
1457 1971 1543 2047 quae
1571 1945 1700 2020 lubet:
1737 1948 1958 2024 innocentes
1979 1949 2053 2024 cir-

649 2070 917 2156 cumveniunt3
942 2077 1026 2141 suos
1047 2067 1096 2140 ad
1116 2066 1301 2140 honorem
1321 2068 1520 2142 extollunt.
1558 2070 1642 2142 Non
1670 2069 1835 2157 facinus,
1861 2099 1942 2147 non
1966 2099 2051 2175 pro-

650 2196 764 2268 brum
802 2209 870 2264 aut
903 2189 1092 2292 flagitium
1131 2189 1277 2272 obstat,
1314 2215 1391 2290 quo
1437 2189 1564 2264 minus
1599 2191 1837 2295 magistratus
1870 2195 2048 2300 capiant;

649 2343 744 2418 qum
776 2314 1020 2388 commodum
1053 2327 1134 2399 est,
1173 2310 1360 2398 trabunt,
1397 2313 1580 2414 rapiunt:
1617 2329 1829 2416 postremo,
1866 2332 2050 2419 tanquam

650 2441 746 2514 urbc
768 2455 896 2541 capta,
922 2435 1097 2508 lubidine
1118 2461 1162 2507 ac
1183 2433 1336 2508 licentia
1358 2459 1425 2508 sua
1446 2456 1517 2537 pro
1540 2434 1686 2538 legibus
1708 2453 1881 2512 utuntur.
1917 2445 2050 2516 Acme

650 2563 822 2664 quidem‘
838 2559 1036 2634 mediocris
1066 2557 1176 2632 dolor
1211 2573 1392 2660 angeret,
1427 2559 1459 2630 si
1491 2557 1634 2634 virtute
1674 2577 1825 2662 partam
1853 2563 2051 2640 'victoriam

650 2711 755 2764 more
789 2711 857 2756 suo
892 2709 961 2786 per
983 2681 1177 2755 servitium
1214 2697 1438 2754 exercerent.
1484 2681 1557 2756 Sed
1589 2679 1763 2764 homines
1800 2685 2049 2774 inertissnmi,

649 2836 816 2916 quorum
834 2807 956 2880 omnis
979 2807 1031 2878 vis
1062 2804 1256 2904 virtusque
1287 2803 1329 2876 in
1353 2802 1485 2906 lingua
1511 2804 1580 2878 sita
1601 2819 1674 2892 est,
1700 2805 1799 2881 forte
1822 2824 1937 2909 atque
1961 2809 2051 2886 alte-

581 3009 585 3018 ,
648 2931 727 3008 rius
762 2929 932 3004 socordia
966 2926 1268 3001 dominationem
1301 2925 1469 3000 oblatam
1501 2925 1702 3002 insolentes
1742 2928 1896 3032 agitant
1953 2931 2050 3007 Nam

652 3059 738 3156 quic
761 3051 894 3126 seditio
919 3077 964 3125 ac
985 3049 1163 3124 dissensio
1190 3047 1309 3124 civilis
1343 3063 1400 3122 tot
1421 3076 1595 3152 unquam
1627 3048 1784 3125 illustris
1810 3051 1974 3128 familias
2001 3055 2050 3130 ab

650 3177 768 3280 stirpe
796 3174 955 3250 evertit?
989 3185 1057 3248 aot
1081 3198 1248 3276 quorum
1273 3181 1460 3274 umquam
1490 3171 1647 3248 victoria
1670 3174 1821 3250 animus
1850 3191 1929 3250 tam
1958 3192 2051 3280 prta-

625 3325 738 3404 aoeps
761 3315 915 3401 tamque
939 3295 1209 3372 immoderatus
1229 3293 1328 3370 suit?
1366 3298 1405 3370 L
1423 3294 1546 3383 santa,
1572 3296 1635 3370 cui
1666 3295 1798 3372 omnia‘
1826 3298 1868 3372 in
1894 3299 2050 3376 victoria

654 3409 731 3524 loga
749 3422 842 3496 belli
862 3421 1073 3510 licuerunt,
1094 3420 1241 3494 tametsi
1258 3417 1446 3522 supplicio
1469 3415 1637 3494 hostium
1655 3435 1780 3524 partes
1801 3447 1887 3496 suas
1907 3422 2050 3498 muniri

652 3543 918 3645 intellegebat:
952 3537 1117 3632 tamen,
1137 3543 1268 3645 paucis
1291 3539 1515 3630 intersectis,
1550 3559 1690 3619 ceteros
1716 3542 1903 3621 beneficio
1935 3573 2051 3648 quam

652 3683 757 3744 metu
778 3665 941 3740 retinere
957 3664 1102 3740 maluit
1139 3669 1190 3740 At
1212 3662 1369 3742 hercule
1387 3689 1495 3740 nunc
1515 3689 1606 3742 cum
1627 3667 1792 3756 Catone,
1817 3669 1855 3740 1.
1870 3667 2049 3758 Domitio,
2113 3760 2118 3767 .

651 3929 693 3946 -
721 3893 794 3974 Cap.
807 3915 834 3954 a.
854 3895 962 3954 virtute
979 3903 1031 3953 tua
1048 3893 1159 3972 cogitas
1179 3891 1262 3957 Faba.
1277 3903 1307 3952 et
1322 3889 1396 3953 Bria.
1418 3902 1452 3954 ta
1467 3891 1566 3974 accipe
1577 3895 1618 3954 ita
1634 3913 1736 3954 omnes
1749 3893 1827 3954 libri.
1848 3905 1901 3955 mat
1918 3915 1990 3956 vera
2000 3894 2051 3954 in-

651 4001 744 4061 venies
760 4009 793 4059 tu
811 4001 934 4068 omisso3
951 4000 990 4058 ita
999 3997 1096 4057 Codd.
1109 4029 1152 4044 -
1174 3993 1248 4076 Cap.
1262 3999 1290 4059 Ξ.
1311 3995 1388 4055 nibil
1403 4017 1437 4057 eo
1452 3997 1556 4058 maleit
1569 3999 1648 4076 quod
1662 3997 1717 4057 tibi
1733 3997 1837 4058 obesset
1858 3997 1955 4064 codd.
1977 3997 2052 4059 nibil

654 4103 756 4163 mabill
774 4121 862 4182 quam
881 4103 960 4180 qood
978 4105 1077 4182 rubo.
1095 4100 1206 4180 plebem
1221 4099 1389 4162 Romnum
1399 4100 1503 4162 Genio
1519 4121 1554 4160 ex
1569 4101 1735 4162 coniectura
1747 4101 1879 4162 restituit.
1896 4079 2052 4183 plebs'Ro-
2097 4158 2101 4162 .

651 4228 744 4268 marta
757 4211 855 4288 vulgo.
871 4219 965 4282 nepta
982 4204 1008 4266 is
1027 4207 1126 4286 vulgo.
1146 4224 1253 4282 nosque
1266 4203 1312 4268 lu‘s
1332 4203 1444 4266 Carrio.
1465 4223 1503 4265 ns
1515 4204 1615 4285 αιᾳιιίε
1627 4206 1744 4284 qnidam
1763 4205 1856 4266 vatic.
1883 4227 1954 4287 quoa
1968 4227 2051 4270 oona-

652 4313 775 4376 modttm
792 4321 832 4376 cst
853 4310 954 4372 Carrio
963 4309 1086 4384 „nescio
1100 4329 1138 4368 an
1152 4330 1188 4369 es
1201 4307 1298 4370 codd.
1319 4312 1397 4390 quod
1416 4287 1516 4392 vulgo.
1535 4341 1577 4386 ς-
1599 4305 1672 4390 cap.
1685 4311 1714 4382 6.
1744 4328 1823 4372 natac
1841 4329 1912 4372 eum
1928 4307 2048 4374 Catone.
