<?xml version="1.0" encoding="UTF-8"?>
<!DOCTYPE html PUBLIC "-//W3C//DTD XHTML 1.0 Transitional//EN"
    "http://www.w3.org/TR/xhtml1/DTD/xhtml1-transitional.dtd">
<html xmlns="http://www.w3.org/1999/xhtml" xml:lang="en" lang="en">
 <head>
  <title>
</title>
<meta http-equiv="Content-Type" content="text/html;charset=utf-8" />
  <meta name='ocr-system' content='tesseract 3.04.00' />
  <meta name='ocr-capabilities' content='ocr_page ocr_carea ocr_par ocr_line ocrx_word'/>
</head>
<body>
  <div class='ocr_page' id='page_1' title='image "./ccrispisalustii02sallgoog_0297.png"; bbox 0 0 4542 5318; ppageno 0'>
   <div class='ocr_carea' id='block_1_1' title="bbox 629 283 701 376">
    <p class='ocr_par' dir='ltr' id='par_1_1' title="bbox 629 283 701 376">
     <span class='ocr_line' id='line_1_1' title="bbox 629 283 701 376; baseline -0.097 -8"><span class='ocrx_word' id='word_1_1' title='bbox 629 283 701 376; x_wconf 72' lang='lat'><strong>254</strong></span> 
     </span>
    </p>
   </div>
   <div class='ocr_carea' id='block_1_2' title="bbox 625 449 2042 3022">
    <p class='ocr_par' dir='ltr' id='par_1_2' title="bbox 625 449 2039 935">
     <span class='ocr_line' id='line_1_2' title="bbox 627 449 2037 564; baseline -0.011 -22"><span class='ocrx_word' id='word_1_2' title='bbox 627 461 766 564; x_wconf 73' lang='lat' dir='ltr'><strong>reliqui</strong></span> <span class='ocrx_word' id='word_1_3' title='bbox 792 475 920 547; x_wconf 90' lang='lat' dir='ltr'><strong>erant,</strong></span> <span class='ocrx_word' id='word_1_4' title='bbox 947 485 1016 562; x_wconf 85' lang='lat' dir='ltr'><strong>per</strong></span> <span class='ocrx_word' id='word_1_5' title='bbox 1038 482 1185 530; x_wconf 89' lang='lat' dir='ltr'><strong>summa</strong></span> <span class='ocrx_word' id='word_1_6' title='bbox 1209 451 1351 556; x_wconf 81' lang='lat' dir='ltr'><strong>flagitia</strong></span> <span class='ocrx_word' id='word_1_7' title='bbox 1373 449 1673 527; x_wconf 70' lang='lat' dir='ltr'><strong>detrectantibus</strong></span> <span class='ocrx_word' id='word_1_8' title='bbox 1695 449 1896 541; x_wconf 86' lang='lat' dir='ltr'><strong>militiam,</strong></span> <span class='ocrx_word' id='word_1_9' title='bbox 1922 451 2037 548; x_wconf 70' lang='lat' dir='ltr'><strong>Quat·</strong></span> 
     </span>
     <span class='ocr_line' id='line_1_3' title="bbox 625 572 2035 678; baseline -0.01 -14"><span class='ocrx_word' id='word_1_10' title='bbox 625 605 765 666; x_wconf 87' lang='lat' dir='ltr'><strong>storem</strong></span> <span class='ocrx_word' id='word_1_11' title='bbox 783 611 897 658; x_wconf 87' lang='lat' dir='ltr'><strong>suum</strong></span> <span class='ocrx_word' id='word_1_12' title='bbox 918 587 954 657; x_wconf 90' lang='lat' dir='ltr'><strong>C.</strong></span> <span class='ocrx_word' id='word_1_13' title='bbox 972 579 1231 665; x_wconf 87' lang='lat' dir='ltr'><strong>Thoranium,</strong></span> <span class='ocrx_word' id='word_1_14' title='bbox 1244 602 1290 650; x_wconf 85' lang='lat' dir='ltr'><strong>ex</strong></span> <span class='ocrx_word' id='word_1_15' title='bbox 1306 601 1384 677; x_wconf 89' lang='lat' dir='ltr'><strong>quo</strong></span> <span class='ocrx_word' id='word_1_16' title='bbox 1398 590 1582 678; x_wconf 74' lang='lat' dir='ltr'><strong>praesente</strong></span> <span class='ocrx_word' id='word_1_17' title='bbox 1593 597 1680 649; x_wconf 82' lang='lat' dir='ltr'><strong>vera</strong></span> <span class='ocrx_word' id='word_1_18' title='bbox 1694 572 1890 650; x_wconf 82' lang='lat' dir='ltr'><strong>facillume</strong></span> <span class='ocrx_word' id='word_1_19' title='bbox 1906 601 2035 650; x_wconf 81' lang='lat' dir='ltr'><strong>nosce-</strong></span> 
     </span>
     <span class='ocr_line' id='line_1_4' title="bbox 627 685 2039 798; baseline -0.01 -12"><span class='ocrx_word' id='word_1_20' title='bbox 627 727 724 798; x_wconf 83' lang='lat' dir='ltr'><strong>rent,</strong></span> <span class='ocrx_word' id='word_1_21' title='bbox 747 709 770 762; x_wconf 88' lang='grc'><strong><em>3</em></strong></span> <span class='ocrx_word' id='word_1_22' title='bbox 794 709 819 762; x_wconf 88' lang='grc'><strong><em>3</em></strong></span> <span class='ocrx_word' id='word_1_23' title='bbox 842 707 866 760; x_wconf 89' lang='grc'><strong><em>3</em></strong></span> <span class='ocrx_word' id='word_1_24' title='bbox 890 707 914 758; x_wconf 95' lang='grc'><strong><em>3</em></strong></span> <span class='ocrx_word' id='word_1_25' title='bbox 942 703 1228 788; x_wconf 84' lang='lat' dir='ltr'><strong>commiserant,</strong></span> <span class='ocrx_word' id='word_1_26' title='bbox 1252 713 1291 774; x_wconf 88' lang='lat' dir='ltr'><strong>ct</strong></span> <span class='ocrx_word' id='word_1_27' title='bbox 1310 685 1607 773; x_wconf 81' lang='lat' dir='ltr'><strong>tameninterim</strong></span> <span class='ocrx_word' id='word_1_28' title='bbox 1628 723 1720 771; x_wconf 87' lang='lat' dir='ltr'><strong>cum</strong></span> <span class='ocrx_word' id='word_1_29' title='bbox 1735 697 1952 773; x_wconf 84' lang='lat' dir='ltr'><strong>volentibus</strong></span> <span class='ocrx_word' id='word_1_30' title='bbox 1965 725 2039 772; x_wconf 88' lang='lat' dir='ltr'><strong>nu·</strong></span> 
     </span>
     <span class='ocr_line' id='line_1_5' title="bbox 626 847 992 935; baseline -0.03 -25"><span class='ocrx_word' id='word_1_31' title='bbox 626 859 730 910; x_wconf 88' lang='lat' dir='ltr'><strong>mero</strong></span> <span class='ocrx_word' id='word_1_32' title='bbox 747 847 924 935; x_wconf 82' lang='lat' dir='ltr'><strong>quatuor,</strong></span> <span class='ocrx_word' id='word_1_33' title='bbox 943 884 992 900; x_wconf 88' lang='lat'><strong>...</strong></span> 
     </span>
    </p>

    <p class='ocr_par' dir='ltr' id='par_1_3' title="bbox 627 943 2040 1797">
     <span class='ocr_line' id='line_1_6' title="bbox 681 943 2038 1055; baseline -0.001 -31"><span class='ocrx_word' id='word_1_34' title='bbox 681 961 759 1054; x_wconf 76' lang='lat'>167.</span> <span class='ocrx_word' id='word_1_35' title='bbox 784 956 808 1007; x_wconf 82' lang='grc'><strong><em>3</em></strong></span> <span class='ocrx_word' id='word_1_36' title='bbox 837 953 964 1055; x_wconf 80' lang='lat' dir='ltr'><strong>ingre,</strong></span> <span class='ocrx_word' id='word_1_37' title='bbox 1000 965 1104 1022; x_wconf 80' lang='lat' dir='ltr'><strong>tante</strong></span> <span class='ocrx_word' id='word_1_38' title='bbox 1141 945 1238 1022; x_wconf 90' lang='lat' dir='ltr'><strong>sotui</strong></span> <span class='ocrx_word' id='word_1_39' title='bbox 1273 944 1530 1032; x_wconf 85' lang='lat' dir='ltr'><strong>dehaerittur,</strong></span> <span class='ocrx_word' id='word_1_40' title='bbox 1557 943 1770 1020; x_wconf 85' lang='lat' dir='ltr'><strong>nefandum</strong></span> <span class='ocrx_word' id='word_1_41' title='bbox 1800 945 1845 1020; x_wconf 86' lang='lat' dir='ltr'><strong>in</strong></span> <span class='ocrx_word' id='word_1_42' title='bbox 1879 947 2038 1022; x_wconf 91' lang='lat' dir='ltr'><strong>modum</strong></span> 
     </span>
     <span class='ocr_line' id='line_1_7' title="bbox 627 1067 2037 1184; baseline -0.007 -30"><span class='ocrx_word' id='word_1_43' title='bbox 627 1103 801 1184; x_wconf 70' lang='lat' dir='ltr'><strong>peruerse</strong></span> <span class='ocrx_word' id='word_1_44' title='bbox 819 1075 973 1151; x_wconf 88' lang='lat' dir='ltr'><strong>volnere</strong></span> <span class='ocrx_word' id='word_1_45' title='bbox 986 1088 1024 1147; x_wconf 85' lang='lat' dir='ltr'><strong>et</strong></span> <span class='ocrx_word' id='word_1_46' title='bbox 1036 1071 1232 1146; x_wconf 86' lang='lat' dir='ltr'><strong>interdum</strong></span> <span class='ocrx_word' id='word_1_47' title='bbox 1249 1069 1419 1142; x_wconf 89' lang='lat' dir='ltr'><strong>lacerum</strong></span> <span class='ocrx_word' id='word_1_48' title='bbox 1432 1067 1849 1172; x_wconf 84' lang='lat' dir='ltr'><strong>corpussemianimum</strong></span> <span class='ocrx_word' id='word_1_49' title='bbox 1861 1070 2037 1146; x_wconf 83' lang='lat' dir='ltr'><strong>omitten-</strong></span> 
     </span>
     <span class='ocr_line' id='line_1_8' title="bbox 629 1189 2038 1296; baseline -0.006 -18"><span class='ocrx_word' id='word_1_50' title='bbox 629 1219 700 1292; x_wconf 88' lang='lat' dir='ltr'><strong>tes,</strong></span> <span class='ocrx_word' id='word_1_51' title='bbox 726 1200 793 1276; x_wconf 90' lang='lat' dir='ltr'><strong>alii</strong></span> <span class='ocrx_word' id='word_1_52' title='bbox 813 1200 855 1274; x_wconf 90' lang='lat' dir='ltr'><strong>in</strong></span> <span class='ocrx_word' id='word_1_53' title='bbox 879 1212 975 1272; x_wconf 85' lang='lat' dir='ltr'><strong>tecta</strong></span> <span class='ocrx_word' id='word_1_54' title='bbox 996 1195 1188 1270; x_wconf 86' lang='lat' dir='ltr'><strong>iaciebant</strong></span> <span class='ocrx_word' id='word_1_55' title='bbox 1206 1192 1319 1295; x_wconf 82' lang='lat' dir='ltr'><strong>ignis,</strong></span> <span class='ocrx_word' id='word_1_56' title='bbox 1347 1191 1537 1294; x_wconf 89' lang='lat' dir='ltr'><strong>multique</strong></span> <span class='ocrx_word' id='word_1_57' title='bbox 1556 1219 1601 1266; x_wconf 84' lang='lat' dir='ltr'><strong>ex</strong></span> <span class='ocrx_word' id='word_1_58' title='bbox 1619 1189 1702 1266; x_wconf 89' lang='lat' dir='ltr'><strong>loco</strong></span> <span class='ocrx_word' id='word_1_59' title='bbox 1724 1192 1838 1282; x_wconf 87' lang='lat' dir='ltr'><strong>servi,</strong></span> <span class='ocrx_word' id='word_1_60' title='bbox 1863 1219 1958 1296; x_wconf 89' lang='lat' dir='ltr'><strong>quos</strong></span> <span class='ocrx_word' id='word_1_61' title='bbox 1981 1193 2038 1269; x_wconf 92' lang='lat' dir='ltr'><strong>in·</strong></span> 
     </span>
     <span class='ocr_line' id='line_1_9' title="bbox 627 1313 2038 1432; baseline -0.006 -31"><span class='ocrx_word' id='word_1_62' title='bbox 627 1324 784 1432; x_wconf 80' lang='lat' dir='ltr'><strong>genium</strong></span> <span class='ocrx_word' id='word_1_63' title='bbox 813 1321 930 1398; x_wconf 82' lang='lat' dir='ltr'><strong>socios</strong></span> <span class='ocrx_word' id='word_1_64' title='bbox 955 1319 1094 1407; x_wconf 88' lang='lat' dir='ltr'><strong>dabat,</strong></span> <span class='ocrx_word' id='word_1_65' title='bbox 1122 1316 1252 1391; x_wconf 84' lang='lat' dir='ltr'><strong>abdita</strong></span> <span class='ocrx_word' id='word_1_66' title='bbox 1276 1341 1298 1389; x_wconf 86' lang='lat' dir='ltr'><strong>a</strong></span> <span class='ocrx_word' id='word_1_67' title='bbox 1321 1315 1509 1405; x_wconf 89' lang='lat' dir='ltr'><strong>dominis,</strong></span> <span class='ocrx_word' id='word_1_68' title='bbox 1544 1331 1612 1388; x_wconf 82' lang='lat' dir='ltr'><strong>aut</strong></span> <span class='ocrx_word' id='word_1_69' title='bbox 1640 1315 1738 1418; x_wconf 90' lang='lat' dir='ltr'><strong>ipsos</strong></span> <span class='ocrx_word' id='word_1_70' title='bbox 1769 1313 1976 1392; x_wconf 85' lang='lat' dir='ltr'><strong>trahebant</strong></span> <span class='ocrx_word' id='word_1_71' title='bbox 1993 1344 2038 1394; x_wconf 87' lang='lat' dir='ltr'><strong>ex</strong></span> 
     </span>
     <span class='ocr_line' id='line_1_10' title="bbox 629 1438 2039 1550; baseline -0.006 -26"><span class='ocrx_word' id='word_1_72' title='bbox 629 1447 799 1536; x_wconf 89' lang='lat' dir='ltr'><strong>occulto,</strong></span> <span class='ocrx_word' id='word_1_73' title='bbox 823 1469 948 1547; x_wconf 85' lang='lat' dir='ltr'><strong>neque</strong></span> <span class='ocrx_word' id='word_1_74' title='bbox 969 1457 1146 1516; x_wconf 89' lang='lat' dir='ltr'><strong>sanctum</strong></span> <span class='ocrx_word' id='word_1_75' title='bbox 1166 1456 1234 1514; x_wconf 89' lang='lat' dir='ltr'><strong>aut</strong></span> <span class='ocrx_word' id='word_1_76' title='bbox 1255 1439 1468 1514; x_wconf 84' lang='lat' dir='ltr'><strong>nefandum</strong></span> <span class='ocrx_word' id='word_1_77' title='bbox 1490 1440 1700 1550; x_wconf 86' lang='lat' dir='ltr'><strong>quicquam</strong></span> <span class='ocrx_word' id='word_1_78' title='bbox 1722 1438 1799 1514; x_wconf 83' lang='lat' dir='ltr'><strong>fuit</strong></span> <span class='ocrx_word' id='word_1_79' title='bbox 1820 1441 1886 1516; x_wconf 86' lang='lat' dir='ltr'><strong>irae</strong></span> <span class='ocrx_word' id='word_1_80' title='bbox 1903 1441 2039 1518; x_wconf 84' lang='lat' dir='ltr'><strong>barba-</strong></span> 
     </span>
     <span class='ocr_line' id='line_1_11' title="bbox 629 1563 2040 1668; baseline -0.005 -21"><span class='ocrx_word' id='word_1_81' title='bbox 629 1597 762 1647; x_wconf 84' lang='lat' dir='ltr'><strong>rorum</strong></span> <span class='ocrx_word' id='word_1_82' title='bbox 783 1585 821 1644; x_wconf 85' lang='lat' dir='ltr'><strong>et</strong></span> <span class='ocrx_word' id='word_1_83' title='bbox 842 1566 966 1642; x_wconf 83' lang='lat' dir='ltr'><strong>servili</strong></span> <span class='ocrx_word' id='word_1_84' title='bbox 990 1565 1162 1668; x_wconf 80' lang='lat' dir='ltr'><strong>ingenio:</strong></span> <span class='ocrx_word' id='word_1_85' title='bbox 1180 1589 1266 1666; x_wconf 83' lang='lat' dir='ltr'><strong>quae</strong></span> <span class='ocrx_word' id='word_1_86' title='bbox 1285 1564 1486 1666; x_wconf 77' lang='lat' dir='ltr'><strong>Spartacus</strong></span> <span class='ocrx_word' id='word_1_87' title='bbox 1508 1563 1692 1664; x_wconf 87' lang='lat' dir='ltr'><strong>nequiens</strong></span> <span class='ocrx_word' id='word_1_88' title='bbox 1707 1563 1925 1666; x_wconf 85' lang='lat' dir='ltr'><strong>probibere,</strong></span> <span class='ocrx_word' id='word_1_89' title='bbox 1943 1565 2040 1642; x_wconf 90' lang='lat' dir='ltr'><strong>mul-</strong></span> 
     </span>
     <span class='ocr_line' id='line_1_12' title="bbox 632 1677 2028 1797; baseline -0.004 -29"><span class='ocrx_word' id='word_1_90' title='bbox 632 1695 678 1770; x_wconf 88' lang='lat' dir='ltr'><strong>tis</strong></span> <span class='ocrx_word' id='word_1_91' title='bbox 698 1692 874 1797; x_wconf 84' lang='lat' dir='ltr'><strong>precibus</strong></span> <span class='ocrx_word' id='word_1_92' title='bbox 895 1717 1013 1792; x_wconf 87' lang='lat' dir='ltr'><strong>quom</strong></span> <span class='ocrx_word' id='word_1_93' title='bbox 1039 1704 1181 1776; x_wconf 89' lang='lat' dir='ltr'><strong>oraret,</strong></span> <span class='ocrx_word' id='word_1_94' title='bbox 1208 1687 1399 1762; x_wconf 84' lang='lat' dir='ltr'><strong>celeritate</strong></span> <span class='ocrx_word' id='word_1_95' title='bbox 1424 1703 1646 1791; x_wconf 69' lang='lat' dir='ltr'><strong>praevertere</strong></span> <span class='ocrx_word' id='word_1_96' title='bbox 1667 1688 1839 1763; x_wconf 82' lang='lat' dir='ltr'><strong>nuncios</strong></span> <span class='ocrx_word' id='word_1_97' title='bbox 2022 1677 2028 1708; x_wconf 69' lang='lat'>⁸</span> 
     </span>
    </p>

    <p class='ocr_par' dir='ltr' id='par_1_4' title="bbox 632 1809 2041 2780">
     <span class='ocr_line' id='line_1_13' title="bbox 688 1809 2040 1919; baseline 0 -29"><span class='ocrx_word' id='word_1_98' title='bbox 688 1819 765 1904; x_wconf 74' lang='lat'>168.</span> <span class='ocrx_word' id='word_1_99' title='bbox 790 1813 949 1913; x_wconf 84' lang='lat' dir='ltr'><strong>Aliquot</strong></span> <span class='ocrx_word' id='word_1_100' title='bbox 967 1811 1045 1886; x_wconf 88' lang='lat' dir='ltr'><strong>dies</strong></span> <span class='ocrx_word' id='word_1_101' title='bbox 1070 1827 1204 1886; x_wconf 86' lang='lat' dir='ltr'><strong>contra</strong></span> <span class='ocrx_word' id='word_1_102' title='bbox 1221 1837 1370 1886; x_wconf 85' lang='lat' dir='ltr'><strong>morem</strong></span> <span class='ocrx_word' id='word_1_103' title='bbox 1390 1809 1531 1885; x_wconf 86' lang='lat' dir='ltr'><strong>fiducia</strong></span> <span class='ocrx_word' id='word_1_104' title='bbox 1549 1810 1679 1914; x_wconf 80' lang='lat' dir='ltr'><strong>augeri</strong></span> <span class='ocrx_word' id='word_1_105' title='bbox 1701 1812 1838 1886; x_wconf 88' lang='lat' dir='ltr'><strong>nostris</strong></span> <span class='ocrx_word' id='word_1_106' title='bbox 1860 1815 1979 1919; x_wconf 81' lang='lat' dir='ltr'><strong>coepit</strong></span> <span class='ocrx_word' id='word_1_107' title='bbox 2003 1833 2040 1892; x_wconf 90' lang='lat' dir='ltr'><strong>et</strong></span> 
     </span>
     <span class='ocr_line' id='line_1_14' title="bbox 632 1933 2040 2044; baseline 0.001 -30"><span class='ocrx_word' id='word_1_108' title='bbox 632 1938 758 2044; x_wconf 80' lang='lat' dir='ltr'>promi</span> <span class='ocrx_word' id='word_1_109' title='bbox 780 1935 920 2038; x_wconf 81' lang='lat' dir='ltr'><strong>lingua.</strong></span> <span class='ocrx_word' id='word_1_110' title='bbox 965 1935 1054 2029; x_wconf 93' lang='lat' dir='ltr'><strong>Qua</strong></span> <span class='ocrx_word' id='word_1_111' title='bbox 1072 1933 1262 2008; x_wconf 86' lang='lat' dir='ltr'><strong>Varinius·</strong></span> <span class='ocrx_word' id='word_1_112' title='bbox 1277 1949 1410 2007; x_wconf 85' lang='lat' dir='ltr'><strong>contra</strong></span> <span class='ocrx_word' id='word_1_113' title='bbox 1440 1949 1649 2036; x_wconf 79' lang='lat' dir='ltr'><strong>spectatam</strong></span> <span class='ocrx_word' id='word_1_114' title='bbox 1678 1961 1760 2010; x_wconf 89' lang='lat' dir='ltr'><strong>rem</strong></span> <span class='ocrx_word' id='word_1_115' title='bbox 1784 1935 1938 2028; x_wconf 72' lang='lat' dir='ltr'><strong>incaute</strong></span> <span class='ocrx_word' id='word_1_116' title='bbox 1962 1967 2040 2015; x_wconf 88' lang='lat' dir='ltr'><strong>mo·</strong></span> 
     </span>
     <span class='ocr_line' id='line_1_15' title="bbox 635 2053 2034 2160; baseline 0 -22"><span class='ocrx_word' id='word_1_117' title='bbox 635 2081 714 2149; x_wconf 92' lang='lat' dir='ltr'><strong>tus,</strong></span> <span class='ocrx_word' id='word_1_118' title='bbox 743 2083 858 2133; x_wconf 90' lang='lat' dir='ltr'><strong>novos</strong></span> <span class='ocrx_word' id='word_1_119' title='bbox 881 2056 1170 2160; x_wconf 82' lang='lat' dir='ltr'><strong>incognitosque</strong></span> <span class='ocrx_word' id='word_1_120' title='bbox 1190 2070 1229 2129; x_wconf 89' lang='lat' dir='ltr'><strong>et</strong></span> <span class='ocrx_word' id='word_1_121' title='bbox 1245 2053 1412 2129; x_wconf 90' lang='lat' dir='ltr'><strong>aliorum</strong></span> <span class='ocrx_word' id='word_1_122' title='bbox 1434 2057 1579 2130; x_wconf 82' lang='lat' dir='ltr'><strong>casibus</strong></span> <span class='ocrx_word' id='word_1_123' title='bbox 1596 2057 1788 2160; x_wconf 89' lang='lat' dir='ltr'><strong>perculsos</strong></span> <span class='ocrx_word' id='word_1_124' title='bbox 1809 2059 1947 2137; x_wconf 86' lang='lat' dir='ltr'><strong>milites</strong></span> <span class='ocrx_word' id='word_1_125' title='bbox 1969 2062 2034 2138; x_wconf 91' lang='lat' dir='ltr'><strong>du·</strong></span> 
     </span>
     <span class='ocr_line' id='line_1_16' title="bbox 637 2177 2040 2294; baseline 0.002 -34"><span class='ocrx_word' id='word_1_126' title='bbox 637 2186 691 2260; x_wconf 91' lang='lat' dir='ltr'><strong>cit</strong></span> <span class='ocrx_word' id='word_1_127' title='bbox 712 2201 841 2272; x_wconf 85' lang='lat' dir='ltr'><strong>tamen</strong></span> <span class='ocrx_word' id='word_1_128' title='bbox 859 2180 909 2254; x_wconf 90' lang='lat' dir='ltr'><strong>ad</strong></span> <span class='ocrx_word' id='word_1_129' title='bbox 930 2193 1051 2253; x_wconf 88' lang='lat' dir='ltr'><strong>castra</strong></span> <span class='ocrx_word' id='word_1_130' title='bbox 1065 2177 1335 2280; x_wconf 68' lang='lat' dir='ltr'><strong>lugitivorum</strong></span> <span class='ocrx_word' id='word_1_131' title='bbox 1359 2203 1484 2281; x_wconf 86' lang='lat' dir='ltr'><strong>presso</strong></span> <span class='ocrx_word' id='word_1_132' title='bbox 1505 2179 1629 2284; x_wconf 79' lang='lat' dir='ltr'><strong>gradu</strong></span> <span class='ocrx_word' id='word_1_133' title='bbox 1650 2181 1795 2258; x_wconf 84' lang='lat' dir='ltr'><strong>silentis</strong></span> <span class='ocrx_word' id='word_1_134' title='bbox 1814 2183 1903 2274; x_wconf 90' lang='lat' dir='ltr'><strong>iam,</strong></span> <span class='ocrx_word' id='word_1_135' title='bbox 1917 2213 2040 2294; x_wconf 78' lang='lat' dir='ltr'><strong>neque</strong></span> 
     </span>
     <span class='ocr_line' id='line_1_17' title="bbox 634 2301 2039 2412; baseline 0.002 -30"><span class='ocrx_word' id='word_1_136' title='bbox 634 2325 715 2383; x_wconf 87' lang='lat' dir='ltr'><strong>tam</strong></span> <span class='ocrx_word' id='word_1_137' title='bbox 740 2301 940 2408; x_wconf 78' lang='lat' dir='ltr'><strong>magnifice</strong></span> <span class='ocrx_word' id='word_1_138' title='bbox 963 2301 1145 2375; x_wconf 90' lang='lat' dir='ltr'><strong>sumentis</strong></span> <span class='ocrx_word' id='word_1_139' title='bbox 1166 2301 1345 2404; x_wconf 78' lang='lat' dir='ltr'><strong>praelium</strong></span> <span class='ocrx_word' id='word_1_140' title='bbox 1370 2327 1487 2402; x_wconf 88' lang='lat' dir='ltr'><strong>quam</strong></span> <span class='ocrx_word' id='word_1_141' title='bbox 1502 2303 1796 2405; x_wconf 82' lang='lat' dir='ltr'><strong>postulaverant</strong></span> <span class='ocrx_word' id='word_1_142' title='bbox 1828 2312 1957 2412; x_wconf 83' lang='lat' dir='ltr'><strong>Atque</strong></span> <span class='ocrx_word' id='word_1_143' title='bbox 1982 2310 2039 2385; x_wconf 90' lang='lat' dir='ltr'><strong>illi</strong></span> 
     </span>
     <span class='ocr_line' id='line_1_18' title="bbox 635 2423 2041 2538; baseline 0.003 -33"><span class='ocrx_word' id='word_1_144' title='bbox 635 2429 836 2526; x_wconf 79' lang='lat' dir='ltr'><strong>¹certamini</strong></span> <span class='ocrx_word' id='word_1_145' title='bbox 858 2425 998 2501; x_wconf 91' lang='lat' dir='ltr'><strong>conscii</strong></span> <span class='ocrx_word' id='word_1_146' title='bbox 1016 2423 1117 2498; x_wconf 84' lang='lat' dir='ltr'><strong>inter</strong></span> <span class='ocrx_word' id='word_1_147' title='bbox 1134 2449 1172 2498; x_wconf 92' lang='lat' dir='ltr'><strong>se</strong></span> <span class='ocrx_word' id='word_1_148' title='bbox 1197 2425 1301 2496; x_wconf 83' lang='lat' dir='ltr'><strong>iuxta</strong></span> <span class='ocrx_word' id='word_1_149' title='bbox 1326 2423 1553 2500; x_wconf 89' lang='lat' dir='ltr'><strong>seditionem</strong></span> <span class='ocrx_word' id='word_1_150' title='bbox 1576 2443 1708 2517; x_wconf 91' lang='lat' dir='ltr'><strong>erant,</strong></span> <span class='ocrx_word' id='word_1_151' title='bbox 1731 2429 1845 2505; x_wconf 81' lang='lat' dir='ltr'><strong>Crixo</strong></span> <span class='ocrx_word' id='word_1_152' title='bbox 1867 2449 1905 2506; x_wconf 89' lang='lat' dir='ltr'><strong>et</strong></span> <span class='ocrx_word' id='word_1_153' title='bbox 1921 2434 2041 2538; x_wconf 82' lang='lat' dir='ltr'><strong>gentis</strong></span> 
     </span>
     <span class='ocr_line' id='line_1_19' title="bbox 635 2545 2041 2661; baseline 0.005 -34"><span class='ocrx_word' id='word_1_154' title='bbox 635 2552 805 2627; x_wconf 87' lang='lat' dir='ltr'><strong>eiusdem</strong></span> <span class='ocrx_word' id='word_1_155' title='bbox 830 2547 953 2626; x_wconf 84' lang='lat' dir='ltr'><strong>Gallis</strong></span> <span class='ocrx_word' id='word_1_156' title='bbox 973 2564 1012 2622; x_wconf 85' lang='lat' dir='ltr'><strong>et</strong></span> <span class='ocrx_word' id='word_1_157' title='bbox 1029 2546 1232 2622; x_wconf 81' lang='lat' dir='ltr'><strong>Gennanis</strong></span> <span class='ocrx_word' id='word_1_158' title='bbox 1256 2545 1407 2621; x_wconf 87' lang='lat' dir='ltr'><strong>obviam</strong></span> <span class='ocrx_word' id='word_1_159' title='bbox 1429 2547 1500 2637; x_wconf 90' lang='lat' dir='ltr'><strong>ire,</strong></span> <span class='ocrx_word' id='word_1_160' title='bbox 1526 2565 1564 2624; x_wconf 89' lang='lat' dir='ltr'><strong>et</strong></span> <span class='ocrx_word' id='word_1_161' title='bbox 1590 2549 1695 2626; x_wconf 89' lang='lat' dir='ltr'><strong>ultro</strong></span> <span class='ocrx_word' id='word_1_162' title='bbox 1714 2552 1848 2632; x_wconf 75' lang='lat' dir='ltr'><strong>offerre</strong></span> <span class='ocrx_word' id='word_1_163' title='bbox 1870 2583 2041 2661; x_wconf 79' lang='lat' dir='ltr'><strong>pugnam</strong></span> 
     </span>
     <span class='ocr_line' id='line_1_20' title="bbox 635 2673 1424 2780; baseline -0.01 -28"><span class='ocrx_word' id='word_1_164' title='bbox 635 2674 881 2780; x_wconf 79' lang='lat' dir='ltr'><strong>cupientibus</strong></span> <span class='ocrx_word' id='word_1_165' title='bbox 907 2686 1042 2748; x_wconf 88' lang='lat' dir='ltr'><strong>contra</strong></span> <span class='ocrx_word' id='word_1_166' title='bbox 1061 2673 1318 2774; x_wconf 85' lang='lat' dir='ltr'><strong>Spartacum.</strong></span> <span class='ocrx_word' id='word_1_167' title='bbox 1349 2727 1357 2743; x_wconf 94' lang='lat'>.</span> <span class='ocrx_word' id='word_1_168' title='bbox 1383 2729 1390 2744; x_wconf 95' lang='lat'><strong>.</strong></span> <span class='ocrx_word' id='word_1_169' title='bbox 1417 2729 1424 2744; x_wconf 95' lang='lat'><em>.</em></span> 
     </span>
    </p>

    <p class='ocr_par' dir='ltr' id='par_1_5' title="bbox 636 2785 2042 3022">
     <span class='ocr_line' id='line_1_21' title="bbox 680 2785 2041 2904; baseline 0.005 -32"><span class='ocrx_word' id='word_1_170' title='bbox 680 2785 769 2894; x_wconf 68' lang='lat' dir='ltr'><strong>mo.</strong></span> <span class='ocrx_word' id='word_1_171' title='bbox 794 2796 949 2898; x_wconf 81' lang='lat' dir='ltr'><strong>Magnis</strong></span> <span class='ocrx_word' id='word_1_172' title='bbox 975 2795 1150 2896; x_wconf 83' lang='lat' dir='ltr'><strong>operibus</strong></span> <span class='ocrx_word' id='word_1_173' title='bbox 1173 2800 1416 2870; x_wconf 82' lang='lat' dir='ltr'><strong>communito.</strong></span> <span class='ocrx_word' id='word_1_174' title='bbox 1455 2796 1606 2872; x_wconf 89' lang='lat' dir='ltr'><strong>Deinde</strong></span> <span class='ocrx_word' id='word_1_175' title='bbox 1628 2797 1796 2904; x_wconf 81' lang='lat' dir='ltr'><strong>fugitivi,</strong></span> <span class='ocrx_word' id='word_1_176' title='bbox 1821 2805 2041 2902; x_wconf 85' lang='lat' dir='ltr'><strong>consumptis</strong></span> 
     </span>
     <span class='ocr_line' id='line_1_22' title="bbox 636 2914 2042 3022; baseline 0.004 -25"><span class='ocrx_word' id='word_1_177' title='bbox 636 2923 714 2997; x_wconf 84' lang='lat' dir='ltr'><strong>iam</strong></span> <span class='ocrx_word' id='word_1_178' title='bbox 734 2919 924 2994; x_wconf 84' lang='lat' dir='ltr'><strong>alimentis</strong></span> <span class='ocrx_word' id='word_1_179' title='bbox 942 2945 992 2992; x_wconf 90' lang='lat' dir='ltr'><strong>ne</strong></span> <span class='ocrx_word' id='word_1_180' title='bbox 1012 2916 1289 3020; x_wconf 60' lang='lat' dir='ltr'><strong>praedantibus*</strong></span> <span class='ocrx_word' id='word_1_181' title='bbox 1300 2941 1346 2991; x_wconf 85' lang='lat' dir='ltr'><strong>ex</strong></span> <span class='ocrx_word' id='word_1_182' title='bbox 1366 2917 1585 3022; x_wconf 85' lang='lat' dir='ltr'><strong>propinquo</strong></span> <span class='ocrx_word' id='word_1_183' title='bbox 1603 2921 1719 2997; x_wconf 79' lang='lat' dir='ltr'><strong>hostis</strong></span> <span class='ocrx_word' id='word_1_184' title='bbox 1735 2914 1900 3000; x_wconf 71' lang='lat' dir='ltr'><strong>&#39;instaret</strong></span> <span class='ocrx_word' id='word_1_185' title='bbox 1916 2927 2042 3003; x_wconf 81' lang='lat' dir='ltr'><strong>solitas</strong></span> 
     </span>
    </p>
   </div>
   <div class='ocr_carea' id='block_1_3' title="bbox 637 3137 2047 4268">
    <p class='ocr_par' dir='ltr' id='par_1_6' title="bbox 656 3137 2042 3231">
     <span class='ocr_line' id='line_1_23' title="bbox 656 3137 2042 3231; baseline 0.004 -29"><span class='ocrx_word' id='word_1_186' title='bbox 656 3223 657 3226; x_wconf 7' lang='grc' dir='ltr'><strong>Ἴ</strong></span> <span class='ocrx_word' id='word_1_187' title='bbox 682 3145 747 3208; x_wconf 87' lang='grc' dir='ltr'><strong>ι66.</strong></span> <span class='ocrx_word' id='word_1_188' title='bbox 769 3144 802 3202; x_wconf 85' lang='lat' dir='ltr'><strong>ni</strong></span> <span class='ocrx_word' id='word_1_189' title='bbox 816 3144 932 3223; x_wconf 31' lang='lat' dir='ltr'><strong>&#39;iorrere</strong></span> <span class='ocrx_word' id='word_1_190' title='bbox 955 3141 1017 3218; x_wconf 82' lang='lat' dir='ltr'><strong>quit</strong></span> <span class='ocrx_word' id='word_1_191' title='bbox 1031 3147 1140 3218; x_wconf 81' lang='lat' dir='ltr'><strong>proeter</strong></span> <span class='ocrx_word' id='word_1_192' title='bbox 1159 3157 1241 3202; x_wconf 83' lang='lat' dir='ltr'><strong>s....</strong></span> <span class='ocrx_word' id='word_1_193' title='bbox 1258 3137 1331 3199; x_wconf 81' lang='lat' dir='ltr'><strong>ciem</strong></span> <span class='ocrx_word' id='word_1_194' title='bbox 1351 3138 1426 3200; x_wconf 78' lang='lat' dir='ltr'><strong>bello</strong></span> <span class='ocrx_word' id='word_1_195' title='bbox 1450 3142 1622 3204; x_wconf 69' lang='lat' dir='ltr'><strong>messoria.</strong></span> <span class='ocrx_word' id='word_1_196' title='bbox 1635 3181 1678 3196; x_wconf 88' lang='lat'>-</span> <span class='ocrx_word' id='word_1_197' title='bbox 1706 3145 1874 3208; x_wconf 71' lang='lat' dir='ltr'><strong>dtvemntur·</strong></span> <span class='ocrx_word' id='word_1_198' title='bbox 1892 3151 1934 3210; x_wconf 85' lang='lat' dir='ltr'><strong>ad</strong></span> <span class='ocrx_word' id='word_1_199' title='bbox 1958 3151 2042 3231; x_wconf 79' lang='lat' dir='ltr'><strong>signo</strong></span> 
     </span>
    </p>

    <p class='ocr_par' dir='ltr' id='par_1_7' title="bbox 637 3242 2043 3535">
     <span class='ocr_line' id='line_1_24' title="bbox 637 3242 1983 3328; baseline -0.003 -20"><span class='ocrx_word' id='word_1_200' title='bbox 637 3249 807 3308; x_wconf 72' lang='lat' dir='ltr'><strong>demolitus</strong></span> <span class='ocrx_word' id='word_1_201' title='bbox 826 3281 886 3304; x_wconf 91' lang='grc'><strong>-.</strong></span> <span class='ocrx_word' id='word_1_202' title='bbox 907 3242 1175 3303; x_wconf 77' lang='lat' dir='ltr'><strong>cletr·octantib--.</strong></span> <span class='ocrx_word' id='word_1_203' title='bbox 1198 3251 1367 3302; x_wconf 74' lang='lat' dir='ltr'><strong>noscerent.</strong></span> <span class='ocrx_word' id='word_1_204' title='bbox 1381 3285 1388 3301; x_wconf 86' lang='lat'><em>.</em></span> <span class='ocrx_word' id='word_1_205' title='bbox 1400 3264 1451 3303; x_wconf 84' lang='lat' dir='ltr'><strong>um</strong></span> <span class='ocrx_word' id='word_1_206' title='bbox 1468 3245 1609 3306; x_wconf 70' lang='lat' dir='ltr'><strong>roborant</strong></span> <span class='ocrx_word' id='word_1_207' title='bbox 1622 3285 1665 3299; x_wconf 92' lang='lat'>-</span> <span class='ocrx_word' id='word_1_208' title='bbox 1684 3269 1771 3328; x_wconf 76' lang='lat' dir='ltr'><strong>quom</strong></span> <span class='ocrx_word' id='word_1_209' title='bbox 1782 3253 1983 3314; x_wconf 66' lang='lat' dir='ltr'><strong>potentiis...</strong></span> 
     </span>
     <span class='ocr_line' id='line_1_25' title="bbox 638 3346 2043 3442; baseline 0.004 -28"><span class='ocrx_word' id='word_1_210' title='bbox 638 3379 640 3385; x_wconf 65' lang='grc'><em>’</em></span> <span class='ocrx_word' id='word_1_211' title='bbox 683 3355 750 3434; x_wconf 84' lang='lat'><strong>167.</strong></span> <span class='ocrx_word' id='word_1_212' title='bbox 770 3391 827 3410; x_wconf 90' lang='grc'><strong>-.</strong></span> <span class='ocrx_word' id='word_1_213' title='bbox 848 3353 947 3430; x_wconf 73' lang='lat' dir='ltr'><strong>ingres</strong></span> <span class='ocrx_word' id='word_1_214' title='bbox 966 3357 1032 3407; x_wconf 79' lang='lat' dir='ltr'><strong>tani·</strong></span> <span class='ocrx_word' id='word_1_215' title='bbox 1054 3391 1061 3406; x_wconf 89' lang='lat'><strong>·</strong></span> <span class='ocrx_word' id='word_1_216' title='bbox 1084 3388 1092 3406; x_wconf 87' lang='lat'><strong>·</strong></span> <span class='ocrx_word' id='word_1_217' title='bbox 1115 3346 1275 3406; x_wconf 71' lang='lat' dir='ltr'><strong>illudebant</strong></span> <span class='ocrx_word' id='word_1_218' title='bbox 1298 3347 1350 3405; x_wconf 75' lang='lat' dir='ltr'><strong>lim</strong></span> <span class='ocrx_word' id='word_1_219' title='bbox 1371 3346 1383 3406; x_wconf 82' lang='lat' dir='ltr'><strong>l</strong></span> <span class='ocrx_word' id='word_1_220' title='bbox 1401 3383 1465 3406; x_wconf 79' lang='lat'><strong>-.</strong></span> <span class='ocrx_word' id='word_1_221' title='bbox 1486 3369 1543 3426; x_wconf 81' lang='lat' dir='ltr'><strong>quo</strong></span> <span class='ocrx_word' id='word_1_222' title='bbox 1566 3361 1698 3412; x_wconf 80' lang='lat' dir='ltr'><strong>moraret</strong></span> <span class='ocrx_word' id='word_1_223' title='bbox 1711 3355 1859 3417; x_wconf 78' lang='lat' dir='ltr'><strong>celeritate</strong></span> <span class='ocrx_word' id='word_1_224' title='bbox 1875 3370 2043 3442; x_wconf 71' lang='lat' dir='ltr'><strong>prensi-tero</strong></span> 
     </span>
     <span class='ocr_line' id='line_1_26' title="bbox 639 3453 1560 3535; baseline 0.001 -22"><span class='ocrx_word' id='word_1_225' title='bbox 639 3459 766 3515; x_wconf 79' lang='lat' dir='ltr'><strong>nuntios.</strong></span> <span class='ocrx_word' id='word_1_226' title='bbox 785 3463 960 3534; x_wconf 74' lang='lat' dir='ltr'><strong>praevertere</strong></span> <span class='ocrx_word' id='word_1_227' title='bbox 968 3495 978 3528; x_wconf 92' lang='lat'><strong>,</strong></span> <span class='ocrx_word' id='word_1_228' title='bbox 1000 3453 1080 3533; x_wconf 90' lang='lat' dir='ltr'><strong>quod</strong></span> <span class='ocrx_word' id='word_1_229' title='bbox 1094 3456 1182 3533; x_wconf 78' lang='lat' dir='ltr'><strong>vulgo</strong></span> <span class='ocrx_word' id='word_1_230' title='bbox 1194 3453 1335 3510; x_wconf 87' lang='lat' dir='ltr'><strong>omissum</strong></span> <span class='ocrx_word' id='word_1_231' title='bbox 1351 3462 1409 3528; x_wconf 81' lang='lat' dir='ltr'><strong>est,</strong></span> <span class='ocrx_word' id='word_1_232' title='bbox 1423 3456 1560 3535; x_wconf 59' lang='lat' dir='ltr'><strong>reposui:</strong></span> 
     </span>
    </p>

    <p class='ocr_par' dir='ltr' id='par_1_8' title="bbox 638 3543 2044 3746">
     <span class='ocr_line' id='line_1_27' title="bbox 685 3543 2044 3648; baseline 0.005 -30"><span class='ocrx_word' id='word_1_233' title='bbox 685 3560 752 3620; x_wconf 82' lang='lat'><strong>168.</strong></span> <span class='ocrx_word' id='word_1_234' title='bbox 771 3557 964 3636; x_wconf 80' lang='lat' dir='ltr'><strong>Aliquod—.</strong></span> <span class='ocrx_word' id='word_1_235' title='bbox 986 3555 1151 3635; x_wconf 74' lang='lat' dir='ltr'><strong>Augerinus</strong></span> <span class='ocrx_word' id='word_1_236' title='bbox 1164 3554 1218 3614; x_wconf 84' lang='lat' dir='ltr'><strong>tris</strong></span> <span class='ocrx_word' id='word_1_237' title='bbox 1233 3554 1325 3634; x_wconf 79' lang='lat' dir='ltr'><strong>coepit</strong></span> <span class='ocrx_word' id='word_1_238' title='bbox 1340 3591 1400 3614; x_wconf 89' lang='lat'><strong>-.</strong></span> <span class='ocrx_word' id='word_1_239' title='bbox 1421 3556 1580 3638; x_wconf 77' lang='lat' dir='ltr'><strong>liugn-quo</strong></span> <span class='ocrx_word' id='word_1_240' title='bbox 1600 3597 1642 3610; x_wconf 89' lang='lat'>—</span> <span class='ocrx_word' id='word_1_241' title='bbox 1662 3560 1790 3623; x_wconf 76' lang='lat' dir='ltr'><strong>inontdoe</strong></span> <span class='ocrx_word' id='word_1_242' title='bbox 1809 3601 1871 3623; x_wconf 88' lang='lat'><strong>-.</strong></span> <span class='ocrx_word' id='word_1_243' title='bbox 1893 3543 2044 3648; x_wconf 63' lang='lat' dir='ltr'><strong>incognito</strong></span> 
     </span>
     <span class='ocr_line' id='line_1_28' title="bbox 638 3658 1841 3746; baseline -0.001 -22"><span class='ocrx_word' id='word_1_244' title='bbox 638 3665 672 3724; x_wconf 69' lang='grc' dir='ltr'><strong>’π</strong></span> <span class='ocrx_word' id='word_1_245' title='bbox 682 3673 709 3724; x_wconf 80' lang='lat' dir='ltr'><strong>et</strong></span> <span class='ocrx_word' id='word_1_246' title='bbox 722 3662 851 3722; x_wconf 87' lang='lat' dir='ltr'><strong>oliorum</strong></span> <span class='ocrx_word' id='word_1_247' title='bbox 871 3699 912 3712; x_wconf 93' lang='lat'>-</span> <span class='ocrx_word' id='word_1_248' title='bbox 933 3659 1091 3719; x_wconf 82' lang='lat' dir='ltr'><strong>certamini</strong></span> <span class='ocrx_word' id='word_1_249' title='bbox 1106 3658 1222 3718; x_wconf 82' lang='lat' dir='ltr'><strong>consilii</strong></span> <span class='ocrx_word' id='word_1_250' title='bbox 1235 3659 1312 3716; x_wconf 81' lang='lat' dir='ltr'><strong>inter</strong></span> <span class='ocrx_word' id='word_1_251' title='bbox 1326 3678 1356 3717; x_wconf 83' lang='lat' dir='ltr'><strong>se</strong></span> <span class='ocrx_word' id='word_1_252' title='bbox 1368 3658 1443 3720; x_wconf 75' lang='lat' dir='ltr'><strong>duta</strong></span> <span class='ocrx_word' id='word_1_253' title='bbox 1463 3697 1506 3712; x_wconf 90' lang='lat'><strong>·-</strong></span> <span class='ocrx_word' id='word_1_254' title='bbox 1517 3705 1525 3720; x_wconf 89' lang='lat'><em>.</em></span> <span class='ocrx_word' id='word_1_255' title='bbox 1537 3664 1625 3740; x_wconf 72' lang='lat' dir='ltr'><strong>sarrs</strong></span> <span class='ocrx_word' id='word_1_256' title='bbox 1635 3685 1779 3746; x_wconf 75' lang='lat' dir='ltr'><strong>pugilum.</strong></span> <span class='ocrx_word' id='word_1_257' title='bbox 1798 3695 1841 3720; x_wconf 62' lang='lat' dir='ltr'><strong>-t</strong></span> 
     </span>
    </p>

    <p class='ocr_par' dir='ltr' id='par_1_9' title="bbox 639 3761 2047 4268">
     <span class='ocr_line' id='line_1_29' title="bbox 684 3761 2041 3854; baseline 0.003 -27"><span class='ocrx_word' id='word_1_258' title='bbox 684 3770 750 3848; x_wconf 79' lang='lat'><strong>169.</strong></span> <span class='ocrx_word' id='word_1_259' title='bbox 771 3788 835 3848; x_wconf 81' lang='lat' dir='ltr'><strong>quae</strong></span> <span class='ocrx_word' id='word_1_260' title='bbox 852 3767 939 3825; x_wconf 68' lang='lat' dir='ltr'><strong>literae</strong></span> <span class='ocrx_word' id='word_1_261' title='bbox 954 3775 982 3824; x_wconf 85' lang='lat' dir='ltr'><strong>et</strong></span> <span class='ocrx_word' id='word_1_262' title='bbox 1003 3761 1118 3842; x_wconf 72' lang='lat' dir='ltr'><strong>syllaba</strong></span> <span class='ocrx_word' id='word_1_263' title='bbox 1137 3763 1278 3840; x_wconf 82' lang='lat' dir='ltr'><strong>scriptura</strong></span> <span class='ocrx_word' id='word_1_264' title='bbox 1307 3762 1543 3849; x_wconf 76' lang='lat' dir='ltr'><strong>distinguuntur,</strong></span> <span class='ocrx_word' id='word_1_265' title='bbox 1573 3789 1606 3848; x_wconf 79' lang='lat'><strong>⁶¹.</strong></span> <span class='ocrx_word' id='word_1_266' title='bbox 1627 3771 1794 3832; x_wconf 84' lang='lat' dir='ltr'><strong>coniectura</strong></span> <span class='ocrx_word' id='word_1_267' title='bbox 1815 3761 1946 3854; x_wconf 56' lang='lat' dir='ltr'><strong>⁸adpicta</strong></span> <span class='ocrx_word' id='word_1_268' title='bbox 1966 3787 2041 3837; x_wconf 68' lang='lat' dir='ltr'><strong>sunt,</strong></span> 
     </span>
     <span class='ocr_line' id='line_1_30' title="bbox 640 3865 2044 3959; baseline 0.003 -29"><span class='ocrx_word' id='word_1_269' title='bbox 640 3873 767 3959; x_wconf 76' lang='lat' dir='ltr'><strong>Plurima</strong></span> <span class='ocrx_word' id='word_1_270' title='bbox 782 3875 986 3952; x_wconf 82' lang='lat' dir='ltr'><strong>supplementa</strong></span> <span class='ocrx_word' id='word_1_271' title='bbox 1001 3865 1141 3926; x_wconf 82' lang='lat' dir='ltr'><strong>debemus</strong></span> <span class='ocrx_word' id='word_1_272' title='bbox 1155 3867 1284 3924; x_wconf 87' lang='lat' dir='ltr'><strong>acumini</strong></span> <span class='ocrx_word' id='word_1_273' title='bbox 1301 3867 1511 3944; x_wconf 83' lang='lat' dir='ltr'><strong>Freinshemii,</strong></span> <span class='ocrx_word' id='word_1_274' title='bbox 1532 3876 1583 3952; x_wconf 86' lang='lat' dir='ltr'><strong>qui</strong></span> <span class='ocrx_word' id='word_1_275' title='bbox 1599 3877 1789 3955; x_wconf 78' lang='lat' dir='ltr'><strong>comparatis,</strong></span> <span class='ocrx_word' id='word_1_276' title='bbox 1811 3899 1875 3957; x_wconf 67' lang='lat' dir='ltr'><strong>qua</strong></span> <span class='ocrx_word' id='word_1_277' title='bbox 1888 3878 2044 3940; x_wconf 65' lang='lat' dir='ltr'><strong>Frontinus</strong></span> 
     </span>
     <span class='ocr_line' id='line_1_31' title="bbox 642 3969 2047 4058; baseline 0.008 -24"><span class='ocrx_word' id='word_1_278' title='bbox 642 3979 695 4054; x_wconf 85' lang='grc' dir='ltr'><strong>(ι,</strong></span> <span class='ocrx_word' id='word_1_279' title='bbox 712 3979 744 4049; x_wconf 89' lang='lat'><strong>5,</strong></span> <span class='ocrx_word' id='word_1_280' title='bbox 758 3996 808 4036; x_wconf 75' lang='lat'><strong>22.</strong></span> <span class='ocrx_word' id='word_1_281' title='bbox 829 3999 861 4056; x_wconf 88' lang='lat' dir='ltr'><strong>p.</strong></span> <span class='ocrx_word' id='word_1_282' title='bbox 874 3973 922 4038; x_wconf 82' lang='lat'><strong>83.</strong></span> <span class='ocrx_word' id='word_1_283' title='bbox 944 3973 997 4031; x_wconf 83' lang='lat' dir='ltr'><strong>Ed.</strong></span> <span class='ocrx_word' id='word_1_284' title='bbox 1008 3969 1219 4048; x_wconf 83' lang='lat' dir='ltr'><strong>Oudendorp.)</strong></span> <span class='ocrx_word' id='word_1_285' title='bbox 1242 3974 1387 4032; x_wconf 72' lang='lat' dir='ltr'><strong>niomoriae</strong></span> <span class='ocrx_word' id='word_1_286' title='bbox 1403 3973 1553 4052; x_wconf 85' lang='lat' dir='ltr'><strong>prodidit,</strong></span> <span class='ocrx_word' id='word_1_287' title='bbox 1573 3981 1700 4058; x_wconf 76' lang='lat' dir='ltr'><strong>genuum</strong></span> <span class='ocrx_word' id='word_1_288' title='bbox 1716 3983 1842 4040; x_wconf 77' lang='lat' dir='ltr'><strong>auctoris</strong></span> <span class='ocrx_word' id='word_1_289' title='bbox 1858 3983 1945 4043; x_wconf 78' lang='lat' dir='ltr'><strong>verba</strong></span> <span class='ocrx_word' id='word_1_290' title='bbox 1962 3989 2047 4045; x_wconf 82' lang='lat' dir='ltr'><strong>resti-</strong></span> 
     </span>
     <span class='ocr_line' id='line_1_32' title="bbox 642 4071 2044 4168; baseline 0.004 -30"><span class='ocrx_word' id='word_1_291' title='bbox 642 4083 725 4140; x_wconf 80' lang='lat' dir='ltr'><strong>tuisse</strong></span> <span class='ocrx_word' id='word_1_292' title='bbox 742 4083 865 4142; x_wconf 79' lang='lat' dir='ltr'><strong>ridctur.</strong></span> <span class='ocrx_word' id='word_1_293' title='bbox 892 4078 985 4136; x_wconf 89' lang='lat' dir='ltr'><strong>Docte</strong></span> <span class='ocrx_word' id='word_1_294' title='bbox 1009 4077 1039 4132; x_wconf 85' lang='lat' dir='ltr'><strong>in</strong></span> <span class='ocrx_word' id='word_1_295' title='bbox 1061 4071 1142 4133; x_wconf 84' lang='lat' dir='ltr'><strong>bunc</strong></span> <span class='ocrx_word' id='word_1_296' title='bbox 1158 4075 1258 4151; x_wconf 80' lang='lat' dir='ltr'><strong>locum</strong></span> <span class='ocrx_word' id='word_1_297' title='bbox 1279 4087 1496 4137; x_wconf 83' lang='lat' dir='ltr'><strong>commentatus</strong></span> <span class='ocrx_word' id='word_1_298' title='bbox 1513 4091 1554 4141; x_wconf 75' lang='lat' dir='ltr'><strong>ost</strong></span> <span class='ocrx_word' id='word_1_299' title='bbox 1569 4081 1718 4168; x_wconf 65' lang='lat' dir='ltr'><strong>kreyssig,</strong></span> <span class='ocrx_word' id='word_1_300' title='bbox 1740 4088 1796 4146; x_wconf 74' lang='lat' dir='ltr'><strong>alis</strong></span> <span class='ocrx_word' id='word_1_301' title='bbox 1816 4087 2044 4151; x_wconf 64' lang='lat' dir='ltr'><strong>«Fisimhcmio</strong></span> 
     </span>
     <span class='ocr_line' id='line_1_33' title="bbox 639 4178 1504 4268; baseline -0.002 -24"><span class='ocrx_word' id='word_1_302' title='bbox 639 4186 795 4246; x_wconf 64' lang='lat' dir='ltr'><strong>sistendata</strong></span> <span class='ocrx_word' id='word_1_303' title='bbox 819 4180 1023 4248; x_wconf 72' lang='lat' dir='ltr'><strong>confirmavit,</strong></span> <span class='ocrx_word' id='word_1_304' title='bbox 1044 4178 1099 4236; x_wconf 77' lang='lat' dir='ltr'><strong>alis</strong></span> <span class='ocrx_word' id='word_1_305' title='bbox 1116 4179 1256 4268; x_wconf 70' lang='lat' dir='ltr'><strong>mulatil3</strong></span> <span class='ocrx_word' id='word_1_306' title='bbox 1273 4199 1366 4259; x_wconf 73' lang='lat' dir='ltr'><strong>pauca</strong></span> <span class='ocrx_word' id='word_1_307' title='bbox 1381 4180 1504 4242; x_wconf 71' lang='lat' dir='ltr'><strong>addidit.</strong></span> 
     </span>
    </p>
   </div>
   <div class='ocr_carea' id='block_1_4' title="bbox 0 0 2290 5318">
    <p class='ocr_par' dir='ltr' id='par_1_10' title="bbox 0 0 2290 5318">
     <span class='ocr_line' id='line_1_34' title="bbox 0 0 2290 5318; baseline 0 0"><span class='ocrx_word' id='word_1_308' title='bbox 0 0 2290 5318; x_wconf 95' lang='lat' dir='ltr'><strong> </strong></span> 
     </span>
    </p>
   </div>
  </div>
 </body>
</html>
