4582 5320
533 419 622 512 ..ιιι
709 439 713 450 =

549 595 681 673 cedere
704 593 863 671 instanti
888 608 927 672 et
955 593 1090 700 paullo
1115 605 1218 698 post,
1252 615 1302 666 ne
1327 588 1387 666 sui
1419 586 1653 674 diffiderent,
1680 581 1852 658 instare:
1892 578 1947 653 ita

548 719 643 796 belli
672 717 815 810 modo,
848 719 963 794 modo
990 717 1094 823 pacis
1119 741 1247 804 mora,
1282 713 1487 792 Consulem
1506 709 1715 785 ludificare.
1753 711 1810 782 Ac
1827 703 1952 791 luere,

529 842 721 946 quitum
742 841 929 917 Albinum
953 839 1060 916 haud
1079 840 1257 944 ignarum'
1282 837 1431 913 consilii
1452 835 1546 938 regis
1566 832 1859 917 existumarent,
1885 851 1952 900 ne·

528 982 625 1068 'que
642 991 688 1040 ex
704 979 811 1040 tanta
837 964 1083 1069 properantia
1097 979 1176 1038 tam
1193 961 1305 1036 facile
1328 976 1494 1034 tractum
1513 957 1660 1033 bellum
1682 951 1851 1030 socordia
1872 975 1952 1023 ma·

530 1087 601 1191 'gis
623 1113 742 1189 quam
767 1084 858 1162 dolo
876 1086 1082 1162 crederent
1120 1085 1192 1161 Sed
1210 1099 1435 1189 postquam,
1457 1082 1604 1184 dilapso
1626 1097 1814 1182 tempore,
1837 1073 1954 1148 comi-

548 1208 690 1284 tiorum
707 1209 786 1286 dies
803 1209 1055 1304 adventabat3
1084 1209 1267 1297 Albinus,
1288 1207 1388 1282 Aulo
1404 1206 1523 1282 fratre
1546 1206 1588 1280 in
1609 1203 1739 1280 castris
1761 1225 1832 1304 pro
1856 1199 1955 1270 Prae-

500 1345 630 1424 t7tore
652 1331 805 1423 relicto,
824 1333 985 1407 Romam
1006 1329 1170 1408 decessit
1219 1331 1276 1407 Ea
1304 1345 1524 1434 tempestate
1552 1330 1681 1404 llomae
1703 1322 1953 1401 seditionibus

548 1453 768 1530 tribuniciis
807 1455 988 1531 atrociter
1021 1455 1236 1559 respublica
1274 1456 1500 1561 agitabatur.
1548 1455 1587 1527 P.
1619 1445 1803 1526 Lucullus
1845 1461 1882 1520 et
1914 1445 1954 1516 L

526 1591 531 1602 ‘
553 1578 722 1668 Annius,
734 1577 884 1653 tribuni
893 1578 1033 1684 plebis,
1055 1578 1313 1656 resistentibus
1330 1576 1500 1682 collegis,
1514 1575 1744 1652 continuare
1760 1569 1954 1672 magistro-

547 1717 632 1776 tum
662 1699 914 1777 nitebantur:
949 1727 1037 1805 quse
1056 1699 1246 1799 [dissensio
1269 1703 1385 1777 totius
1414 1701 1510 1775 anni
1535 1697 1688 1774 comitia
1712 1692 1953 1798 impediebat

546 1826 601 1898 Ea
622 1850 730 1900 mora
753 1823 795 1899 in
821 1849 926 1928 spem
949 1824 1137 1900 adductus
1158 1823 1297 1915 Aulus,
1322 1851 1438 1927 quem
1467 1849 1538 1926 pro
1565 1827 1730 1897 Praetore
1762 1813 1955 1892 incastris

548 1945 726 2022 relictum
741 1971 857 2049 supra
875 1946 1042 2022 diximus
1053 2003 1064 2039 ,
1075 1962 1145 2022 aut
1164 1946 1401 2022 conficiundi
1416 1946 1509 2021 belli
1529 1961 1599 2021 aut
1616 1962 1758 2020 terrore
1769 1939 1955 2018 exercitus

526 2067 598 2142 ab
627 2093 713 2172 rege
732 2067 908 2170 pecunioe
940 2068 1161 2174 capiundae,
1188 2071 1327 2146 milites
1347 2096 1475 2146 mense
1500 2069 1681 2144 Ianuario
1715 2065 1763 2142 ¹eu
1783 2060 1956 2140 hibernis

549 2190 592 2266 in
626 2189 908 2294 expeditionem
939 2207 1099 2286 evocat,
1127 2194 1353 2297 magnisque
1384 2194 1603 2284 itineribus,
1640 2191 1766 2267 hieme
1802 2212 1955 2292 aspera,

525 2313 722 2418 'pervenit
753 2312 804 2389 ad
840 2312 1029 2418 oppidum
1056 2313 1218 2408 Suthul,
1246 2316 1316 2392 ubi
1349 2318 1444 2423 regis
1475 2315 1644 2392 thesauri
1667 2331 1786 2392 erant
1836 2308 1956 2408 Quod

548 2461 785 2539 quamquam
808 2451 846 2512 et
870 2437 1009 2512 saevitia
1033 2440 1234 2542 temporis,
1264 2455 1303 2515 et
1325 2440 1615 2544 opportunitate
1640 2439 1716 2516 loci
1741 2462 1867 2541 neque
1894 2461 1955 2510 ca·

524 2602 527 2610 ·
546 2559 611 2662 pi,
633 2583 759 2662 neque
773 2558 937 2635 obsideri
957 2575 1122 2664 poterat:
1147 2561 1265 2659 (nam
1281 2562 1428 2638 circum
1451 2591 1628 2654 murum,
1661 2563 1778 2640 situm
1793 2561 1835 2636 in
1861 2581 1956 2663 prae-

547 2683 653 2787 rupti
668 2683 809 2760 montis
823 2699 1012 2774 extremo,
1035 2684 1213 2788 planities
1234 2685 1366 2762 limosa
1390 2684 1619 2764 hiemalibus
1644 2686 1753 2790 aquis
1774 2682 1957 2790 paludem

547 2805 716 2906 fecerat)
742 2823 870 2883 tamen
891 2823 960 2882 aut
981 2807 1190 2883 simulandi
1212 2810 1353 2913 gratia,
1378 2837 1456 2913 quo
1474 2811 1551 2915 regi
1571 2809 1817 2884 formidinem
1839 2805 1955 2880 adde-

547 2944 627 3021 oet‚
652 2945 722 3005 aut
744 2929 926 3036 cupidine
951 2955 1075 3007 ooecus
1096 2931 1146 3006 oh
1167 2930 1360 3009 thesauros
1378 2934 1511 3040 oppidi
1547 2931 1745 3038 potiundi,
1767 2931 1895 3006 vineas
1913 2955 1953 3003 a·

548 3125 625 3186 Edit.
647 3095 750 3190 cedere
766 3127 835 3191 inst.
857 3128 916 3190 Erl.
935 3129 1004 3214 Τις.
1018 3129 1081 3190 Βιι.
1095 3153 1119 3190 ι.
1130 3129 1243 3203 Mur.
1256 3129 1380 3193 Bermd.
1400 3131 1488 3192 Rom.
1502 3131 1618 3193 ddecss.
1637 3128 1734 3193 Guell.
1754 3151 1778 3194 ι.
1794 3135 1823 3193 ὅ.
1844 3129 1912 3194 vin.
1928 3149 1954 3188 ι.

547 3229 703 3296 Fabulae.
716 3235 823 3295 1.Sen.
840 3257 864 3294 ι.
886 3256 991 3296 msec.
1011 3235 1091 3296 leid.
1102 3227 1316 3316 c.t.lr.l.·duo
1327 3236 1415 3298 llirii.
1436 3242 1534 3318 plures
1546 3237 1608 3296 Pal.
1625 3235 1736 3297 seocuit
1748 3233 1845 3299 Guell.
1855 3255 1883 3316 7.
1905 3252 1955 3294 ro·

548 3334 749 3399 retovina.
761 3337 942 3406 lul'rata.
962 3340 1059 3404 suus.
1080 3343 1140 3401 inc.
1152 3339 1272 3403 allam
1285 3361 1314 3401 2.
1334 3339 1439 3402 Franc.
1459 3339 1595 3412 Guelfd.
1609 3361 1655 3402 ιι.
1675 3337 1955 3422 leid.a.h.d.g.m.

631 3485 705 3570 Cap.
717 3489 768 3570 37.
788 3509 872 3570 qrtam
888 3491 1050 3553 Praetorem
1068 3490 1154 3552 Fahr.
1175 3512 1203 3571 q.
1213 3515 1270 3574 pro
1283 3493 1446 3556 Proetorem
1466 3493 1537 3558 lice.
1550 3513 1607 3575 pro
1622 3493 1751 3553 l’roetoro
1770 3489 1863 3551 Cottii
1881 3493 1953 3574 plu·

548 3592 617 3653 rimi
644 3592 724 3654 libri.
747 3595 839 3654 nostri
857 3613 968 3686 omncs.
992 3600 1094 3672 oonfie.
1110 3597 1185 3658 belli.
1206 3600 1257 3658 alli
1272 3598 1340 3660 libri
1360 3575 1466 3670 muso,
1485 3600 1536 3658 alii
1553 3597 1744 3678 gratia,‘alii
1762 3609 1811 3677 'spo
1830 3593 1956 3655 addunt.

548 3698 628 3774 quod
639 3717 757 3778 ᾳιιανηᾳ.
776 3718 868 3780 pron.
885 3717 950 3768 om,
966 3697 1036 3782 Τις.
1055 3700 1154 3763 Turio.
1182 3723 1224 3764 m.
1237 3723 1294 3765 soc·
1313 3703 1431 3764 adiecit.
1450 3721 1514 3783 cop.
1529 3723 1595 3784 pec.
1613 3702 1682 3786 Τις.
1701 3722 1740 3762 ca
1758 3697 1956 3760 haumala

518 3801 532 3816 ““
546 3801 643 3866 soor.
663 3803 723 3864 inc.
741 3824 767 3864 ι.
787 3802 906 3865 Vtatd.
927 3803 1105 3884 Guell.d.9.
1121 3826 1166 3871 11.
1181 3827 1228 3867 ιι.
1253 3805 1451 3874 hiaena
1480 3807 1597 3888 mugnis
1612 3805 1678 3866 itin.
1704 3803 1790 3866 Fabr-
1811 3804 1909 3867 Guoll'.
1922 3824 1952 3865 ι.

551 3925 597 3966 ιι.
616 3905 686 3967 Τιιι.
705 3906 765 3967 Erl.
785 3907 848 3998 llas.¹
858 3908 887 3980 4.
908 3909 1072 3990 aemagrot
1090 3909 1177 3978 Fahr.
1188 3932 1219 3972 a.
1237 3911 1274 3973 ob
1291 3909 1363 3975 tter.
1379 3933 1445 3992 opp.
1464 3931 1527 3973 οιιι.
1545 3912 1606 3972 duo
1622 3911 1738 3974 Wassii.
1751 3911 1788 3971 ob
1803 3910 1955 3972 thesauros

544 4007 703 4087 potiundos
720 4010 790 4094 Teg.
810 4011 924 4076 Fabric.
941 4033 971 4078 ι.
988 4013 1121 4075 thesauri
1135 4037 1182 4096 op.
1201 4015 1299 4079 Guell.
1310 4037 1341 4100 9.
1367 4017 1429 4076 olio
1444 4035 1510 4096 quc
1523 4035 1599 4075 unus
1613 4013 1728 4076 Wsssii.
1747 4013 1837 4075 acad.
1856 4013 1954 4077 Strnr.

545 4131 715 4192 preparare
733 4119 831 4196 plures
850 4116 939 4182 nivii.
969 4117 1119 4182 Commcl.
1145 4119 1259 4183 Febris
1280 4120 1349 4186 vu.
1365 4140 1392 4184 t·
1410 4119 1515 4184 Flauo·
1538 4117 1606 4184 Eoo.
1625 4119 1723 4182 strar.
1743 4119 1841 4182 Guelt.
1855 4141 1886 4202 9.
1906 4141 1952 4186 ιι.

533 4213 615 4276 'Sem
628 4234 655 4277 ι.
675 4215 772 4281 Gnell.
787 4239 835 4283 ra.
856 4242 897 4282 m.
911 4241 967 4284 sec.
986 4221 1048 4284 Bas.
1062 4221 1092 4296 4⁴.
