4582 5320
603 322 669 421 60.

605 501 811 602 Postquam
840 494 1055 602 respublica
1087 493 1279 588 adolevit,
1315 511 1354 572 et
1383 493 1636 572 multitudine
1659 492 1802 570 civium
1826 491 2008 570 factiones

605 622 779 714 reluere,
804 617 1079 697 circumvenire
1105 617 1352 712 innoeentes,
1388 621 1463 696 alia
1491 617 1755 696 huiuscemodi
1778 616 1859 694 fieri
1885 641 2010 721 caepe

605 771 671 839 re;
696 761 781 821 tum
803 745 864 821 lex
887 741 1017 818 Porcia
1042 739 1203 845 aliaeque
1225 741 1321 848 leges
1346 760 1489 848 paratae
1510 760 1623 839 sunt3
1647 743 1789 847 quibus
1816 741 2008 848 (legibus)

605 867 781 943 exsilium
802 865 992 942 damnatis
1013 866 1237 970 permissum
1255 883 1317 942 est
1350 869 1462 943 Hanc
1478 895 1546 972 ego
1570 891 1756 957 caussam,
1771 870 1897 941 Patres
1918 891 2010 940 con·

603 991 753 1094 scripti,
778 1017 856 1094 quo
880 990 1009 1066 minue
1032 1015 1176 1064 novum
1199 991 1404 1068 eonsilium
1431 975 1645 1094 capiamus,
1669 989 1711 1065 in
1737 989 1876 1093 primis
1906 1015 2009 1092 mag-

603 1141 694 1188 nam
711 1129 816 1217 puto,
854 1112 1026 1188 Profecto
1049 1111 1168 1187 virtus
1185 1129 1301 1216 atque
1319 1114 1504 1218 sapientia
1528 1115 1651 1189 maior
1671 1114 1712 1189 in
1735 1113 1811 1188 illis
1830 1111 1923 1202 fuit,
1939 1112 2007 1215 qui

601 1263 647 1312 ex
670 1239 794 1342 parvis
812 1239 948 1342 opibus
967 1253 1120 1310 tantum
1137 1237 1342 1339 imperium
1359 1237 1495 1329 secere,
1521 1266 1639 1342 quam
1660 1238 1702 1312 in
1725 1237 1852 1327 nobis,
1878 1235 1948 1339 qui
1964 1260 2008 1312 ea
2103 1276 2108 1284 ·

600 1360 698 1436 bene
719 1379 829 1465 parta
852 1363 916 1438 vix
938 1362 1152 1436 retinemus.
1200 1360 1327 1437 Placet
1347 1363 1465 1466 igitur
1488 1390 1550 1440 eos
1569 1362 1712 1438 dimitti
1745 1378 1783 1437 et
1800 1361 1929 1465 augeri
1944 1387 2014 1434 ex·-

599 1485 763 1560 ercitum
789 1485 987 1561 Catilinael
1013 1485 1204 1578 minume3
1226 1485 1291 1560 sed
1318 1485 1371 1560 ita
1399 1513 1557 1562 censeo:
1592 1485 1845 1590 publicandas
1873 1510 2007 1560 eorum

598 1591 800 1710 pecunias,
827 1610 924 1713 ipsos
945 1609 988 1684 in
1009 1608 1173 1686 vinculis
1203 1607 1399 1684 habendos
1418 1637 1487 1713 per
1506 1609 1737 1713 municipia,
1761 1633 1847 1712 quae
1874 1633 2008 1682 maxu-

598 1755 658 1805 me
677 1733 813 1834 opibus
834 1733 980 1807 valent:
1002 1757 1079 1807 neu
1092 1731 1178 1834 quis
1196 1731 1244 1806 de
1262 1731 1322 1806 his
1340 1749 1468 1836 postea
1485 1734 1535 1809 ad
1551 1751 1727 1809 senatum
1748 1730 2008 1820 rese1·at,neve

597 1879 687 1927 cum
713 1855 858 1957 populo
882 1871 968 1958 agat
991 1887 999 1926 ε
1025 1855 1094 1957 qui
1124 1856 1236 1929 aliter
1257 1855 1408 1946 fecerit,
1433 1858 1616 1932 Senatum
1638 1858 1885 1945 existumare,
1917 1881 2007 1929 eum

606 1991 739 2051 contra
757 1977 1036 2080 rempublicam
1058 1993 1097 2052 et
1112 1977 1273 2053 salutem
1286 1981 1461 2056 omnium
1474 1981 1703 2056 facturum.”

559 2105 596 2162 52
705 2103 909 2203 Postquam
936 2102 1058 2174 Caesar
1081 2101 1234 2177 dicendi
1258 2101 1375 2178 finem
1396 2104 1507 2194 fecit,
1532 2105 1645 2179 ceteri
1673 2103 1788 2180 verbo
1818 2103 1916 2178 alius
1939 2101 2005 2177 alii

605 2223 708 2297 varie
742 2222 1087 2298 adsentiebantur:
1126 2241 1167 2298 at
1187 2228 1237 2298 M.
1267 2227 1422 2302 Porcius
1451 2231 1561 2318 Cato,
1582 2245 1733 2334 rogatus
1754 2223 2006 2314 sententiam,

604 2342 869 2420 huiuscemodi
888 2348 1099 2423 orationem
1123 2348 1269 2424 habuit.
1306 2353 1462 2456 „Longe
1491 2352 1589 2427 mihi
1614 2354 1690 2428 alia
1718 2379 1824 2428 mene
1842 2371 1914 2442 eet,
1937 2357 2006 2451 Pa7

605 2483 678 2543 tres
713 2471 939 2574 conscripti,
972 2499 1095 2574 quum
1127 2497 1184 2546 res
1213 2489 1329 2577 atque
1358 2476 1529 2578 pericula
1556 2494 1683 2552 nostra
1712 2477 1930 2568 considero,
1967 2497 2006 2556 et

604 2619 727 2694 quum
749 2593 952 2668 sententias
971 2594 1252 2672 nonnullorum
1276 2598 1354 2702 ipse
1378 2625 1528 2676 mecum
1554 2617 1698 2706 reputo.
1737 2601 1799 2676 Illi
1821 2601 2007 2677 mihidis·

601 2715 758 2790 seruisse
784 2716 965 2791 videntur
999 2717 1047 2793 de
1070 2745 1186 2821 poena
1210 2748 1363 2812 eorum,
1388 2723 1457 2826 qui
1481 2725 1633 2826 patriae,
1657 2727 1900 2829 parentibus,
1917 2728 2006 2802 aris

604 2853 719 2939 etque
744 2837 835 2913 socie
863 2840 940 2914 suis
978 2841 1124 2915 bellum
1145 2870 1355 2947 paravere:
1395 2873 1452 2921 res
1478 2865 1606 2923 autem
1636 2867 1781 2942 monet,
1806 2877 1936 2927 cavere
1955 2852 2005 2926 ab

603 2959 678 3033 illis
696 2961 844 3066 (magis)
862 2989 1000 3065 quam,
1026 2963 1121 3066 quid
1146 2964 1189 3040 in
1212 2965 1296 3042 illos
1317 2985 1547 3061 statuamus,
1572 2973 1795 3050 consultare.
1833 2975 1931 3050 Nam
1948 2999 2007 3050 ce·

599 3123 655 3201 iiio'
675 3151 760 3222 temp.
782 3141 833 3203 illo
849 3142 947 3204 delent
965 3143 1049 3204 ilem.
1067 3163 1092 3203 ι.
1121 3144 1181 3206 inc.
1197 3166 1222 3206 ι.
1251 3145 1387 3208 animum
1402 3150 1590 3212 advenebcnt
1620 3153 1681 3216 duo
1698 3155 1812 3216 wasa.
1842 3155 2006 3220 circumce-

502 3257 504 3260 “
601 3247 667 3306 nire
695 3247 756 3308 Bae.
778 3271 802 3314 ι.
824 3269 849 3308 a.
870 3259 964 3331 uterq.
985 3248 1098 3317 Fabric.
1119 3250 1178 3312 inc.
1210 3251 1321 3313 Vina.
1350 3253 1435 3315 Paris.
1449 3277 1476 3317 a.
1493 3255 1564 3326 b.,c.
1580 3259 1610 3319 d.
1630 3259 1720 3321 Aac.
1740 3263 1836 3322 Sensi.
1852 3282 1878 3321 ι.
1906 3263 2004 3323 Strur.

601 3347 698 3409 Guell.
716 3373 740 3411 ι.
757 3374 786 3413 a.
800 3360 826 3417 ὅ.
840 3353 867 3414 5.
880 3376 910 3435 9.
929 3374 974 3414 ιο.
994 3375 1038 3414 ιι.
1058 3375 1104 3417 ra.
1131 3357 1338 3420 &remecurt
1355 3363 1451 3434 ceteri.
1482 3361 1546 3422 alab
1562 3363 1771 3430 ludmeemcdi.
1792 3366 1909 3446 aliaque
1932 3368 2003 3433 vin.

602 3470 631 3510 c.
652 3452 756 3514 Buca.
777 3458 844 3516 Seu.
862 3479 887 3522 ι.
909 3457 1095 3520 (ιίιεΙΐ.ι.8.
1116 3461 1226 3529 Tura.
1248 3485 1357 3526 ιιιωο.
1377 3464 1506 3528 Bam.
1527 3468 1632 3528 ctclt'e
1661 3471 1721 3536 inc.
1739 3492 1765 3531 ι.
1786 3469 1883 3536 Guell'.
1894 3471 2003 3553 plue·

600 3555 729 3617 immadi
761 3559 831 3624 Feb
845 3571 939 3642 uterq.
961 3565 1019 3627 ine.
1035 3583 1062 3624 a.
1084 3565 1183 3628 Heues.
1205 3568 1302 3630 Guelt'.
1320 3591 1346 3638 ι
1358 3592 1387 3652 9.
1407 3592 1453 3632 re.
1473 3571 1596 3654 011qu
1611 3574 1694 3654 leges.
1715 3577 1790 3656 leges
1799 3577 1877 3637 delet
1903 3575 2003 3636 Gueli'.

604 3682 650 3721 ιο.
671 3662 752 3722 Leid.
766 3665 786 3722 l.
807 3663 932 3730 bema
956 3667 1190 3750 quibtoelegrbm.
1219 3672 1622 3752 iegu.omis.1iabrie..·2
1614 3701 1714 3745 mc..1
1736 3681 1834 3740 Guell.
1850 3680 1878 3741 ὅ.
1904 3685 2003 3762 plures

598 3766 676 3830 llivii
691 3777 720 3826 et
735 3768 839 3830 Wessii
854 3769 931 3830 libri.
959 3771 1044 3832 llern.
1062 3795 1087 3832 ι.
1117 3783 1321 3855 pareioesunt.
1348 3777 1406 3844 Erl.
1428 3799 1530 3843 omncs
1545 3783 1625 3844 Leid.
1656 3784 1719 3844 Bas.
1737 3785 1848 3846 Turne
1868 3803 2001 3866 compen

514 3884 522 3896 ·
597 3881 675 3932 tuni.
697 3872 766 3933 Tur.
782 3895 806 3939 ι.
827 3873 912 3940 item.
932 3895 955 3942 ι.
974 3878 1145 3957 permissum
1158 3891 1199 3942 est
1229 3883 1287 3949 Erl.
1309 3904 1412 3945 omues
1424 3886 1505 3951 Leid.
1526 3887 1587 3954 Bes.
1607 3889 1676 3948 Tur.
1703 3909 1757 3970 ego
1772 3891 1853 3952 hatte
1871 3910 2002 3951 eausam

596 3974 658 4036 llas.
677 3999 702 4038 ι.
723 3978 808 4040 Febr.
820 4001 850 4039 ι.
867 3992 895 4040 et
910 3982 1031 4062 plurimi
1044 3983 1123 4045 libra
1143 4007 1178 4048 ec
1196 3987 1266 4048 bene
1275 3999 1374 4070 parta
1394 3995 1526 4060 eecmis.
1546 3993 1613 4060 Ecc.
1632 3993 1684 4056 Ac.
1705 4016 1746 4055 m.
1738 4015 1804 4077 .pr.
1825 3995 2003 4114 debiepee·

597 4090 645 4141 tea
663 4087 785 4164 plurimi
799 4084 879 4148 libri.
901 4088 965 4147 de
952 4109 984 4150 ie.
1006 4088 1148 4162 GuelM.
1169 4091 1294 4160 Fabam
1316 4097 1438 4177 nequis.
1458 4097 1539 4166 [eid.
1556 4102 1578 4160 l.

660 4207 733 4291 Cap.
749 4214 796 4274 52.
817 4217 1048 4278 adsentiebar!
1040 4241 1098 4281 mc.
1116 4241 1141 4280 ι.
1161 4221 1257 4286 Struv.
1276 4221 1344 4284 Seu.
1357 4244 1384 4286 a.
1405 4225 1503 4288 Guelf.
1519 4233 1547 4291 ὅ
1562 4229 1592 4296 8.
1606 4231 1721 4312 aliquot
1737 4251 1772 4291 cx
1787 4231 2001 4313 antiquioribus

595 4312 683 4378 llirii.
704 4315 788 4381 llern
801 4339 827 4379 a.
851 4321 1010 4400 longealia
1026 4325 1109 4391 mihi.
1130 4323 1215 4400 ilem.
1229 4329 1258 4401 4.
1284 4349 1398 4400 raecum
1411 4330 1477 4412 ipse.
1498 4329 1557 4394 bec
1577 4334 1682 4396 ordine
1699 4333 1784 4400 Febr
1800 4357 1825 4397 ι.
1855 4337 2000 4397 incerte.
