4560 5338
593 365 634 412 12

588 519 812 622 bonumque
845 514 951 621 apud
978 541 1040 592 eos
1067 543 1147 591 non
1177 515 1321 620 legibus
1341 514 1487 620 magis,
1520 528 1802 616 quamnatura
1832 511 1990 589 valebat

588 643 734 747 Iurgia,
753 640 973 730 discordias,
997 641 1206 715 simultates
1223 666 1312 714 cum
1328 637 1501 713 hostibus
1517 637 1761 714 exercebant:
1784 635 1880 710 cives
1900 660 1990 709 cum

527 869 532 878 .
589 764 736 841 civibus
756 763 804 839 de
815 764 957 839 virtute
974 763 1190 854 certabant3
1211 763 1253 836 in
1268 761 1465 865 suppliciis
1482 760 1643 835 deorum
1662 757 1872 866 magnifici,
1885 757 1989 834 domi

588 888 714 993 parci,
738 889 779 960 in
801 887 940 962 amicos
970 885 1096 967 fideles
1121 901 1239 959 erant.
1279 885 1440 958 Duabus
1467 883 1527 968 his
1559 883 1730 973 artibus,
1767 882 1927 957 audacia
1947 882 1989 954 in

590 1011 712 1102 bello,
733 1011 802 1086 ubi
820 1037 895 1114 pax
916 1025 1108 1098 evenerat,
1133 1009 1327 1110 aequitate,
1353 1033 1467 1109 seque
1488 1033 1643 1108 remque
1663 1007 1860 1109 publicam
1881 1031 1990 1080 cura-

589 1134 694 1211 bant.
722 1136 901 1232 Quarum
930 1159 1060 1206 rerum
1078 1131 1149 1234 ego‘
1164 1156 1343 1228 maxuma
1365 1111 1594 1204 documenta
1618 1129 1701 1204 haec
1717 1129 1860 1220 habeo,
1883 1128 1989 1232 quod

588 1258 631 1334 in
652 1258 754 1333 bello
773 1258 909 1361 saepius
929 1254 1180 1330 vindicatum,
1195 1271 1250 1328 est
1272 1253 1314 1326 in
1340 1278 1419 1342 eos,
1448 1253 1518 1355 'qui
1548 1268 1682 1330 contra
1709 1253 1915 1356 imperium
1948 1253 1987 1325 in

520 1405 521 1408 ’
587 1378 735 1456 hostem
768 1394 1049 1484 pugnaverant,
1081 1377 1227 1479 quique
1256 1376 1418 1466 tardius,
1455 1376 1639 1465 revocati,
1670 1375 1802 1479 praelio
1833 1401 1991 1450 excesse-

587 1519 694 1594 rant,
714 1529 832 1606 quam
847 1502 915 1604 qui
932 1501 1038 1606 signa
1058 1500 1274 1602 relinquere
1287 1557 1296 1586 ‚
1308 1515 1376 1573 aut
1391 1499 1493 1602 pulsi
1506 1557 1516 1589 ‚
1529 1500 1613 1574 loco
1628 1499 1759 1574 cedere
1775 1500 1857 1574 ausi
1871 1515 1989 1574 erant.

589 1629 635 1701 In
664 1651 759 1730 pace
788 1653 897 1714 vero,
926 1623 1032 1725 quod
1056 1621 1250 1696 beneficiis
1275 1649 1393 1724 quam
1422 1637 1529 1696 metu
1548 1622 1753 1726 imperium
1777 1621 1991 1726 agitabant,

543 1766 652 1839 raet,
686 1763 839 1850 accepta
862 1746 1029 1834 iniuria,
1067 1745 1272 1848 ignoscere,
1304 1770 1422 1846 quam
1450 1745 1626 1848 persequi
1664 1743 1866 1842 malebant.
1918 1746 1990 1820 Sed

587 1872 657 1946 ubi
677 1872 806 1946 labore
826 1885 942 1970 atque
966 1866 1109 1941 iustitia
1127 1865 1341 1968 respublica
1363 1867 1500 1956 crevit,
1524 1893 1625 1971 reges
1645 1868 1773 1972 magni
1802 1869 1901 1943 bello
1921 1869 1988 1944 do·
2068 1875 2072 1882 ’

587 1994 693 2083 miti,
718 1993 892 2070 nationes
912 1991 1000 2064 ferae
1018 2007 1055 2063 et
1074 1989 1210 2092 populi
1228 1990 1396 2094 ingentes
1416 1989 1453 2066 vi
1475 1989 1637 2081 subacti,
1662 1990 1858 2095 Carthago,
1872 2017 1989 2067 oemu-

588 2117 625 2192 la
659 2115 809 2219 imperii
834 2112 1019 2202 Romani,
1053 2113 1102 2186 ab
1127 2110 1244 2214 stirpe
1270 2112 1440 2201 interiit,
1473 2129 1614 2186 cuncta
1649 2114 1770 2189 maria
1807 2131 1990 2217 terraeque

587 2241 796 2344 patebant:
822 2236 950 2312 saevire
973 2235 1129 2310 fortuna
1159 2261 1203 2308 ac
1225 2235 1379 2309 miscere
1403 2235 1532 2309 omnia
1554 2236 1680 2339 coepit.
1722 2236 1801 2333 Qui
1824 2237 1988 2326 labores,

587 2362 779 2468 pericula,
800 2358 936 2436 dubias
953 2376 1069 2462 atque
1090 2383 1238 2460 asperas
1263 2385 1320 2432 res
1350 2358 1462 2434 facile
1487 2360 1757 2452 toleraverant,
1783 2360 1842 2434 his
1865 2360 1988 2436 otium

583 2559 680 2639 pliciis
692 2561 724 2620 d.
741 2592 760 2608 -
776 2561 910 2620 dccmm.
930 2556 1029 2616 omisit
1040 2556 1126 2616 Febr.
1145 2579 1169 2618 ι.
1190 2555 1258 2638 Teg.
1280 2555 1313 2614 in
1333 2554 1444 2615 amicis
1467 2557 1526 2618 inc.
1543 2576 1569 2617 ι.
1591 2556 1689 2616 Guelf.
1712 2577 1757 2616 rr.
1779 2557 1899 2618 Parias.
1912 2569 1940 2618 et
1956 2558 1986 2618 b.

586 2683 697 2724 mser.
717 2663 776 2728 llrl.
795 2683 878 2742 seque
891 2661 1030 2746 rempubl.
1051 2661 1130 2740 Leid.
1144 2683 1172 2742 g.
1194 2661 1292 2721 Guels.
1313 2684 1341 2742 7.
1362 2663 1392 2727 8.
1408 2685 1437 2743 9.
1469 2665 1536 2726 Seu.
1557 2680 1586 2725 a.
1614 2660 1735 2721 Eccard.
1749 2683 1789 2727 ru.
1804 2683 1850 2744 pr.
1876 2661 1987 2724 Arond.

584 2766 669 2826 Bam.
682 2787 711 2830 a.
731 2787 761 2827 se
775 2787 891 2846 remque
905 2767 973 2846 pub.
994 2765 1075 2825 Leid.
1090 2765 1121 2823 d.
1135 2763 1166 2829 h.
1187 2765 1249 2823 Bas.
1266 2785 1294 2823 a.
1317 2765 1413 2824 Guell.
1430 2767 1458 2825 6.
1479 2785 1562 2844 seque
1575 2775 1603 2824 ot
1618 2786 1707 2845 remp.
1728 2765 1809 2826 Leid.
1827 2767 1855 2828 k.
1884 2768 1943 2828 inc.
1962 2790 1987 2828 r.

584 2873 664 2950 quod
677 2870 711 2930 in
724 2871 798 2931 bello
815 2871 927 2950 sapius.
949 2869 982 2928 in
1002 2869 1057 2926 bat.
1078 2869 1162 2927 omis.
1194 2867 1281 2926 Palat.
1299 2867 1327 2926 3.
1351 2879 1379 2926 et
1399 2869 1524 2928 Cottius.
1541 2871 1628 2929 ceteri
1650 2872 1784 2930 retinent.
1804 2871 1988 2932 viudt‘eolum

583 2982 714 3057 cst-est
734 2975 818 3034 ornis.
839 2973 920 3032 Leid.
940 2992 967 3030 a.
984 2981 1013 3030 et
1027 2971 1164 3030 Diomed.
1179 2993 1247 3054 pag.
1264 2971 1333 3031 361.
1366 2972 1553 3052 belloproelio
1571 2993 1635 3033 erc.
1664 2973 1733 3034 Tur.
1744 2994 1772 3036 a.
1793 2975 1865 3036 tello
1883 2995 1987 3037 mesu.

584 3075 704 3143 laida.
722 3099 751 3161 g.
765 3079 786 3142 i.
806 3075 892 3136 Febr.
911 3096 937 3136 1.
956 3095 985 3134 a.
1006 3074 1074 3134 vin.
1091 3094 1119 3138 a.
1152 3075 1252 3140 lleuss.
1269 3075 1336 3134 Sen.
1354 3095 1381 3140 a.
1410 3075 1509 3138 Guell.
1525 3097 1552 3136 a.
1566 3099 1596 3159 9.
1617 3077 1679 3137 Bas.
1693 3099 1720 3137 a.
1748 3078 1834 3139 Bam.
1859 3101 1885 3139 ι.
1900 3079 1930 3140 3.
1950 3101 1988 3140 ca

582 3183 667 3244 ballo.
687 3183 769 3245 Leid.
786 3203 812 3243 c.
833 3203 853 3242 a
861 3180 976 3263 proelio.
996 3178 1078 3238 Leid.
1090 3177 1120 3238 b.
1136 3179 1164 3241 k.
1187 3177 1285 3239 Guell.
1299 3180 1329 3238 8.
1346 3178 1462 3260 proels'o.
1483 3179 1545 3240 Bas.
1559 3201 1584 3239 r.
1597 3179 1626 3241 3.
1652 3180 1733 3242 Leid.
1745 3203 1771 3247 c.
1785 3183 1816 3242 d.
1830 3185 1851 3248 s.
1863 3182 1895 3244 b.
1910 3189 1931 3245 l.
1945 3207 1986 3245 m.

583 3307 616 3348 n.
640 3287 737 3348 Turio.
758 3309 783 3346 r.
812 3285 935 3367 plurimi
955 3282 1060 3344 Cottii.
1081 3283 1200 3342 Parisini
1222 3303 1333 3343 omncs.
1355 3283 1440 3344 Bern.
1460 3305 1487 3344 a.
1509 3295 1642 3364 preterea
1665 3306 1766 3346 omnes
1779 3286 1901 3348 Palatini
1922 3310 1988 3350 cre-

584 3390 635 3451 do.
656 3389 812 3471 capitulio.
834 3387 971 3450 caelet
992 3407 1009 3446 a
1019 3387 1234 3469 prataleno.
1256 3388 1444 3468 religuerant.
1464 3391 1617 3450 Leid.d.l.
1637 3391 1706 3450 Tur.
1721 3411 1749 3451 a.
1770 3391 1895 3453 Bem.3.
1916 3393 1988 3454 reli-

583 3501 718 3574 querunt.
738 3491 819 3550 Leid.
833 3512 861 3574 g.
873 3489 905 3550 b.
927 3491 1076 3570 reliquere.
1097 3492 1156 3550 inc.
1170 3512 1195 3550 r.
1212 3501 1241 3550 et
1251 3513 1285 3551 ex
1295 3494 1411 3553 emend.
1433 3495 1492 3566 ine.
1507 3515 1533 3552 a.
1546 3494 1686 3570 beneficiis
1697 3515 1785 3572 qrtom
1796 3507 1884 3556 metu.
1903 3498 1985 3559 Leid.

581 3597 612 3658 k.
625 3599 648 3656 l.
668 3593 731 3654 Bas.
747 3614 773 3655 ι.
789 3613 818 3653 s.
839 3591 947 3652 Colou.
968 3593 1060 3652 Palm.
1080 3594 1198 3652 Martia.
1220 3593 1318 3654 Pemb.
1339 3597 1424 3657 Rem.
1438 3619 1466 3657 a.
1496 3598 1608 3658 Fabrio.
1625 3619 1652 3658 a.
1673 3597 1770 3658 Senot.
1788 3619 1826 3666 ι.,
1843 3599 1942 3661 Guelf.
1954 3605 1984 3674 d.

584 3703 613 3763 5.
634 3701 721 3763 ceteri
735 3696 831 3786 magri
848 3716 947 3776 quom.
975 3714 1064 3776 quom
1080 3697 1241 3772 omiserunt
1260 3697 1345 3765 Mart.
1361 3720 1403 3760 m.
1420 3721 1467 3782 pr.
1490 3701 1587 3761 Pemb.
1609 3701 1717 3762 Colon.
1738 3702 1901 3783 impcm‘um.
1922 3706 1984 3767 Bas.

585 3827 612 3869 r.
627 3827 668 3868 m.
679 3825 735 3868 seo.
752 3801 869 3883 adjecit.

644 3929 719 4014 Cap.
743 3952 790 3993 to.
808 3927 1015 4018 pas-laboram-
1034 3925 1138 3989 Bas-3.
1170 3927 1322 3998 ramata
1332 3929 1459 4011 publr'ca.
1489 3931 1550 3993 Bas.
1566 3931 1595 3994 ὅ.
1617 3933 1722 4014 magni
1737 3951 1825 4016 reges.
1851 3933 1933 3998 Leid.
1952 3939 1983 4001 d.

580 4039 681 4100 sm.
695 4037 725 4097 3.
744 4036 842 4096 Turio.
859 4054 886 4092 1.
907 4030 1027 4092 romani
1038 4029 1109 4112 iarp.
1128 4031 1197 4094 l'ur.
1215 4055 1240 4094 ι.
1261 4033 1321 4096 Erl.
1341 4036 1410 4118 ng.
1431 4036 1493 4096 Bas.
1508 4057 1536 4096 2.
1556 4037 1637 4098 Leid.
1649 4059 1676 4103 a.
1698 4038 1784 4098 Bam.
1800 4059 1825 4099 s.
1840 4060 1868 4102 a.
1884 4041 1914 4102 3.
1935 4041 1985 4102 in-

579 4151 679 4226 gentes
697 4139 786 4201 abest.
816 4137 897 4204 Leid.
909 4138 937 4198 l.
951 4139 974 4198 l.
1002 4135 1329 4202 succurrunt.
1350 4151 1465 4201 mamm
1489 4142 1522 4202 in
1538 4145 1678 4225 margine.
1698 4142 1827 4205 Bermd.
1856 4145 1983 4208 maceri.

580 4247 643 4314 Bas.
656 4267 683 4316 ι.
702 4245 814 4310 Tum.
834 4243 881 4306 lu's
899 4241 1003 4317 otitun.
1021 4244 1164 4329 italonge
1182 4245 1305 4328 plurimi
1324 4242 1422 4306 Godd.
1444 4243 1507 4308 tas.
1527 4245 1610 4308 Leid.
1629 4247 1692 4313 Eu.
1715 4247 1786 4310 Tur.
1810 4247 1895 4310 Rern.
1913 4270 1939 4312 r.
1953 4271 1982 4312 a.

2123 5237 2255 5334 Α
