4542 5318
622 369 695 458 240

620 563 715 646 quos
738 537 888 643 ignavia
910 553 979 613 aut
999 559 1114 638 prava
1136 532 1326 622 caliditas,
1358 531 1418 608 uti
1441 529 1533 608 meis
1559 521 1756 607 laboribus
1781 528 1857 606 tuti
1881 545 2022 622 essent,

619 663 735 741 armis
753 659 960 748 abstinuit,
986 654 1253 732 acerbissumas
1274 678 1409 758 poenes
1438 653 1622 729 solvimt:
1653 653 1876 728 Ptolemaeus
1899 655 2022 758 pretio

620 786 762 864 indies
785 783 931 856 bellum
954 778 1171 882 prolatans,
1198 779 1390 852 Cretemes
1407 774 1630 880 impugnati
1649 772 1764 850 semel
1780 774 1873 864 iam,
1898 801 2024 877 neque

621 907 738 982 finem
757 903 830 978 nisi
859 901 1021 976 exscidia
1046 897 1233 976 habituri
1287 897 1477 1002 Equidem
1501 923 1625 1000 quum
1642 895 1746 972 mihi
1774 896 1823 970 ob
1854 896 2025 1002 ipsorum

620 1029 772 1104 interna
793 1023 893 1100 mala
919 1023 1037 1099 dilata
1065 1022 1198 1126 praelia
1226 1021 1349 1123 magis
1373 1046 1499 1122 quam
1515 1043 1656 1124 ‚paoem
1677 1018 1808 1094 datam
1825 1020 2025 1125 ¹intellege¹¹

619 1175 719 1242 κως
742 1149 936 1224 abnuente
953 1143 1138 1246 Tigrane,
1174 1141 1246 1244 qui
1273 1169 1357 1216 mea
1380 1142 1482 1218 dicta
1501 1127 1593 1216 sero
1629 1141 1784 1245 probat,
1816 1157 1852 1216 te
1877 1161 2023 1219 remoto

618 1270 777 1375 procul,
797 1266 974 1344 omnibus
992 1264 1076 1342 aliis
1097 1263 1291 1354 obnoxiis,
1316 1289 1444 1340 rursus
1474 1281 1601 1340 tamen
1623 1264 1771 1339 bellum
1791 1264 1883 1370 oepi
1922 1267 2025 1342 Mar-

620 1417 786 1494 cumque
802 1393 968 1490 Cottam,
996 1387 1212 1462 Romanum
1230 1385 1385 1500 ducem,
1409 1386 1515 1490 apud
1529 1383 1771 1462 Chalcedona
1794 1401 1893 1462 terra
1916 1387 2027 1496 fudi,

619 1515 718 1594 mari
732 1512 819 1589 exui
840 1510 954 1586 classe
968 1506 1250 1612 pulcherruma.
1282 1507 1397 1614 Apud
1411 1509 1588 1610 Cyzicum
1601 1535 1740 1612 magno
1754 1533 1844 1584 cum
1856 1512 2025 1586 exercitu

621 1641 665 1714 in
690 1635 840 1712 obsidio
861 1631 1035 1708 moranti
1059 1629 1299 1708 frumentum
1328 1629 1468 1718 defirit,
1495 1630 1606 1706 nullo
1631 1631 1779 1708 circum
1794 1631 2024 1708 adnitente:

620 1761 736 1838 simul
759 1757 880 1832 hiems
899 1753 995 1828 mari
1009 1739 1253 1858 prohibebat
1291 1755 1369 1839 Ita,
1395 1751 1479 1829 sine
1500 1749 1728 1828 vihostium
1748 1755 1895 1858 regredi
1918 1783 2025 1831 coac·

621 1897 684 1960 ,tus
713 1882 755 1954 in
782 1877 953 1982 patrium
973 1901 1151 1980 regnum,
1171 1874 1385 1979 ‚naufragiis
1408 1872 1523 1978 apud
1545 1873 1710 1988 'Parium
1736 1891 1773 1949 et
1803 1877 2025 1954 Heracleam

623 2003 794 2082 militum
813 2014 989 2101 optumos
1011 2023 1101 2070 oum
1116 1995 1295 2103 classibus
1318 1995 1434 2070 amisi.
1473 1995 1658 2070 Restituto
1674 1987 1821 2072 deinde
1834 2000 1939 2100 apud
1956 2004 2024 2076 Ca-

621 2128 754 2207 beram
765 2119 946 2208 exeroitu,
970 2127 1008 2192 et
1027 2116 1141 2194 variis
1153 2119 1255 2194 inter
1275 2144 1336 2194 me
1357 2135 1473 2221 atque
1487 2119 1695 2194 Lucullum
1711 2120 1872 2224 praeliis,
1891 2122 2024 2226 inopia

624 2271 754 2324 rursus
773 2243 904 2318 ambos
930 2241 1087 2316 incessit
1124 2240 1187 2315 Illi
1206 2241 1362 2316 suberat
1381 2267 1543 2346 regnum
1564 2241 1826 2317 Ariobarzanis
1838 2243 1945 2318 bello
1968 2247 2026 2320 in-

622 2385 796 2448 sactum:
819 2391 885 2472 ego
893 2420 907 2472 ,Ι
923 2362 1034 2438 vastis
1047 2363 1195 2438 circum
1221 2363 1398 2438 omnibus
1419 2363 1526 2454 locis,
1546 2364 1588 2439 in
1599 2365 1823 2440 Armeniam
1841 2371 2023 2444 concessi:

622 2491 817 2592 secutique
835 2484 997 2561 Romani
1019 2511 1100 2561 non
1118 2510 1179 2560 me
1200 2485 1266 2560 sed
1284 2511 1428 2560 morem
1448 2511 1562 2560 suum
1582 2487 1711 2562 omnia
1732 2513 1847 2592 regna
1869 2489 2024 2567 subvor-

622 2614 755 2703 tundi,
779 2610 871 2714 quia
891 2606 1184 2684 multitudinem
1211 2607 1302 2684 artis
1323 2607 1421 2682 locis
1443 2634 1580 2712 pugna
1600 2608 1855 2713 prohibuere,
1880 2611 2036 2716 impru-v

623 2737 795 2815 dentiam
814 2731 988 2834 Tigranis
1008 2756 1080 2834 pro
1099 2729 1256 2806 victoria
1281 2746 1481 2804 ostentant.
1533 2731 1646 2806 Nunc
1670 2756 1796 2834 queso
1820 2735 2026 2826 considem,

617 2860 734 2936 nobis
754 2854 936 2958 oppressis
951 2867 1085 2927 utrum
1104 2850 1311 2926 firmiorem
1324 2867 1367 2968 'te
1382 2851 1432 2928 ad
1447 2851 1716 2942 resistendum,
1732 2879 1783 2928 an
1800 2853 1916 2931 linem
1934 2857 2025 2932 belli

624 2985 803 3062 futurum
826 2978 968 3084 putes?
1002 2974 1079 3050 scio
1108 2973 1286 3076 equidem
1311 2973 1381 3049 tibi
1406 2999 1561 3080 magnas
1579 3001 1667 3077 opes
1690 2975 1877 3068 virorum,
1898 3005 2026 3056 armo-

623 3132 713 3182 rum
731 3119 769 3178 et
785 3098 871 3175 auri
889 3122 989 3176 esser
1016 3111 1072 3184 et,
1096 3121 1140 3170 ea
1158 3120 1198 3171 re
1220 3121 1243 3169 a
1264 3093 1375 3172 nobis
1393 3096 1444 3171 ad
1459 3079 1692 3187 societatem,
1706 3099 1757 3174 ab
1776 3099 1850 3179 illis
1870 3102 1919 3178 ad
1924 3129 2024 3206 prm-

624 3229 714 3304 dam
732 3222 880 3328 peteris,
912 3221 1090 3294 ceterum
1111 3217 1314 3294 consilium
1332 3234 1404 3309 est,
1420 3218 1594 3325 Tigranis
1616 3246 1732 3327 regno
1750 3223 1914 3328 integro,
1933 3227 2024 3302 meis

625 3347 811 3427 militibus
832 3340 926 3416 belli
946 3339 1221 3444 prudentibus,
1244 3341 1382 3444 procul
1403 3342 1452 3417 ab
1472 3342 1605 3433 domo,
1633 3371 1755 3447 ¹parvo
1783 3345 1929 3436 labore,
1954 3375 2023 3454 per

625 3485 754 3548 nostra
768 3487 935 3566 ,corpore
964 3461 1112 3538 bellum
1134 3459 1339 3538 conficere:
1365 3463 1558 3565 quomodo
1577 3465 1702 3570 neque
1726 3467 1878 3544 vincere
1898 3491 2024 3574 neque

624 3662 687 3725 beri
702 3671 730 3723 et
754 3679 808 3721 ree
818 3657 1000 3721 stelenum.
1020 3657 1060 3716 iu
1076 3659 1149 3717 olirn
1167 3655 1315 3739 legebatur
1341 3657 1557 3721 conuaaGodd.
1578 3661 1626 3722 ctio
1649 3663 1755 3724 bellum
1768 3665 1901 3745 prolatos
1916 3670 2024 3748 vulgo,

624 3770 685 3831 dies
697 3765 804 3827 bellum
814 3761 969 3844 prolatam
982 3758 1068 3819 Febr.
1087 3758 1163 3820 Brie.
1185 3761 1264 3820 ind.
1284 3762 1439 3841 prolatam
1457 3766 1553 3830 Valic.
1576 3768 1694 3850 regredi
1706 3777 1828 3828 condus
1843 3779 1923 3830 vetuo
1932 3769 2024 3831 editio

623 3873 708 3934 Fabr.
740 3869 820 3948 opud
834 3865 947 3925 Porum
959 3865 1031 3923 olim
1050 3861 1162 3922 edituro
1183 3873 1232 3928 est.
1249 3863 1367 3926 'Porum
1385 3865 1468 3928 Febr.
1489 3866 1565 3929 Bria.
1585 3868 1710 3930 Parnon
1728 3869 1821 3930 Vatia.
1842 3871 1966 3931 Perdam
1977 3878 2024 3934 lo·

623 3976 764 4062 gendum.
787 3967 933 4030 Caberam
955 3969 994 4027 ita
1015 3967 1081 4027 Ma.
1096 3961 1216 4027 &hira
1233 3971 1332 4050 vulgo.
1352 3969 1560 4038 inter-inem.
1580 3969 1641 4032 heo
1659 3975 1797 4054 leguntur
1813 3973 1893 4053 apud
1910 3963 2028 4036 Charis.-

624 4103 689 4164 pag.
706 4079 755 4159 95.
776 4075 825 4136 sed
835 4074 876 4133 ibi
893 4093 1046 4154 perperam
1056 4091 1146 4152 propo
1157 4089 1213 4152 pro
1222 4069 1342 4150 prauo.
1354 4071 1475 4132 memo
1483 4073 1598 4133 circum
1611 4078 1708 4156 vulgo.
1726 4078 1818 4136 mstis
1834 4075 1918 4136 Febr.
1935 4069 2024 4140 etro-

622 4193 671 4243 iu·
692 4182 791 4244 editio.
819 4179 880 4240 scio
900 4209 918 4226 -
930 4181 1073 4254 conficere
1090 4174 1202 4237 Choda.
1223 4165 1258 4256 p.
1276 4195 1351 4258 ⁴77·
1374 4173 1655 4256 bollipmdmubuc
1674 4179 1753 4260 qnod
1775 4169 2021 4262 vulpennius·
