4570 5316
1638 389 1709 491 139

404 565 581 639 Ceterum
600 557 852 634 faciestotius
871 557 1012 663 negotii
1036 560 1157 652 varia,
1184 561 1343 652 ineerta,
1367 561 1471 640 foeda
1489 580 1606 668 atque
1629 569 1749 644 mi.51
1782 649 1786 655 Ι

301 686 497 768 serabilis:
524 681 681 786 dispersi
711 709 733 754 a
759 680 836 756 suis
862 707 951 786 pars
975 681 1123 774 cedere,
1155 685 1223 758 alii
1247 685 1412 787 insequi;
1449 713 1574 792 neque
1599 693 1706 795 signa

301 839 429 917 neque
450 807 601 886 ordines
624 806 836 899 observare5
858 806 928 880 ubi
943 833 1136 910 quemque
1150 807 1367 911 perieulum
1383 828 1550 913 ceperat,
1576 813 1632 888 ibi
1646 842 1706 894 τε,

301 937 427 1016 sistere
444 959 489 1008 ae
506 929 745 1035 propulsare:
760 955 883 1020 arma,
896 929 990 1020 tela,
1008 930 1117 1033 equi,
1130 930 1220 1022 viri,
1234 929 1359 1006 hostes
1374 949 1490 1035 atque
1507 934 1603 1012 cives
1617 964 1705 1042 per·

301 1059 431 1153 mixti3
443 1055 545 1131 nibil
558 1053 717 1129 consilio
735 1079 863 1156 neque
874 1052 1035 1156 imperio
1060 1053 1139 1158 agi:
1156 1053 1233 1128 fors
1251 1055 1379 1134 omnia
1398 1083 1533 1160 regere.
1566 1062 1701 1164 Itaque

301 1183 471 1262 multum
493 1178 569 1254 diei
598 1193 855 1281 processerat,
886 1203 1009 1278 quum
1041 1177 1158 1252 etiam
1182 1194 1268 1252 tum
1291 1196 1447 1255 eventus
1481 1180 1524 1257 in
1556 1181 1701 1261 ineerta

300 1323 389 1385 erat
434 1302 613 1404 Denique
643 1300 820 1376 omnibus
844 1300 975 1376 labore
998 1315 1038 1376 et
1065 1317 1158 1376 aestu
1183 1301 1401 1406 languidis,
1432 1304 1607 1382 Metellus
1631 1308 1702 1384 ubi

301 1429 404 1508 ridet
419 1426 603 1504 Numidas
628 1424 756 1500 minus
772 1424 932 1514 instare,
957 1423 1161 1527 paullatim
1180 1425 1319 1502 milites
1339 1426 1382 1502 in
1408 1454 1534 1502 unum
1553 1429 1702 1505 eondu-

301 1557 372 1647 oit,
393 1552 545 1630 ordines
561 1549 727 1624 restituit
743 1564 782 1624 et
804 1546 977 1622 cobortes
992 1547 1216 1653 legionarias
1234 1567 1403 1652 quatuor
1416 1550 1620 1627 advorsum
1635 1579 1701 1656 pe·
1808 1571 1809 1574 ’

301 1678 396 1756 dites
411 1675 583 1752 bostium
605 1673 789 1765 collocat3
811 1696 945 1747 eorum
961 1699 1101 1776 magna
1123 1699 1212 1775 pars
1223 1673 1482 1776 superioribus
1499 1673 1589 1748 loeis
1607 1674 1699 1750 fessa

294 1801 528 1880 oonrederat
568 1795 689 1872 Simul
710 1821 834 1886 orare,
853 1793 1002 1870 hortari
1022 1795 1179 1887 milites,
1203 1821 1254 1871 ne
1279 1795 1505 1886 deficerent,
1529 1823 1608 1872 neu
1632 1824 1701 1900 pa·
1773 1805 1777 1814 '

302 1940 473 2002 terantur
500 1920 618 2010 bostis
640 1918 826 2022 fugientes
846 1917 1025 1994 vincere:
1056 1943 1183 2019 neque
1207 1917 1283 1992 illis
1308 1935 1429 1993 eastra
1454 1943 1550 2008 esse,
1574 1943 1700 2020 nequa
1725 1961 1737 1972 -

299 2047 587 2126 munimentum
617 2041 763 2130 ullum,
789 2065 868 2144 quo
894 2040 1068 2116 oedentes
1095 2039 1316 2116 tenderent:
1352 2040 1394 2114 in
1424 2041 1540 2120 armis
1570 2037 1700 2119 omitia

299 2171 380 2248 sita.
421 2168 494 2246 Sed
509 2192 559 2242 ne
582 2162 769 2270 Iugurtha
790 2162 948 2266 quidem
978 2162 1123 2238 interea
1145 2163 1298 2265 quietus
1324 2178 1435 2238 erat:
1471 2164 1700 2257 circumire,

301 2292 466 2382 hortari,
486 2315 669 2366 renovare
687 2287 867 2391 praelium
893 2302 933 2361 et
959 2285 1037 2389 ipse
1057 2312 1148 2360 cum
1166 2284 1321 2360 delectis
1337 2301 1524 2389 temptare
1542 2287 1672 2364 omnia
1691 2319 1699 2362 :

300 2415 498 2496 subvenire
521 2414 615 2504 suis,
632 2410 807 2486 hostibus
832 2407 960 2483 dubiis
988 2408 1150 2501 instare;
1174 2433 1271 2510 quos
1295 2405 1425 2483 firmos
1451 2425 1700 2515 cognoverat,

300 2541 448 2622 eminus
471 2534 681 2644 pugnando
706 2531 878 2608 retinere
925 2532 984 2605 Eo
1005 2529 1120 2604 modo
1137 2528 1239 2603 inter
1260 2554 1299 2604 se
1326 2529 1406 2606 duo
1434 2530 1748 2634 imperatores,52

301 2663 441 2744 summi
468 2662 561 2753 viri,
597 2657 829 2735 certabant:
853 2651 926 2758 ipsi
953 2677 1080 2756 pares,
1109 2665 1279 2726 ceterum
1301 2652 1440 2754 opibus
1475 2652 1701 2756 disparibus

302 2792 399 2868 Nam
415 2785 570 2864 Metello
589 2783 709 2858 virtus
725 2779 896 2856 militum
914 2791 1014 2869 erat,
1037 2775 1144 2850 locus
1163 2774 1368 2850 advorsus:
1402 2774 1600 2879 Iugurthae
1623 2775 1700 2851 alia

301 2915 430 2994 omnia
449 2926 588 3018 praeter
613 2905 752 2982 milites
775 2917 1002 3008 opportuna
1044 2897 1224 3016 Denique
1251 2897 1432 2988 Romani,
1463 2897 1533 2973 ubi
1552 2897 1703 2975 intelle·

301 3053 420 3150 gunt,
446 3059 572 3137 neque
593 3030 667 3106 sibi
682 3027 901 3133 perbrgium
919 3049 994 3102 esse
1016 3048 1142 3126 neque
1157 3022 1207 3096 ab
1225 3019 1334 3096 hoste
1355 3022 1506 3126 copiam
1526 3048 1704 3127 pugnan-

300 3166 341 3244 di
360 3161 460 3257 fieri3
486 3158 541 3258 (et
563 3155 641 3230 iam
662 3153 725 3228 die
743 3175 873 3254 vesper
895 3149 1013 3248 erat);
1037 3147 1195 3222 advorso
1213 3145 1311 3220 colle
1331 3145 1444 3220 sicuti
1467 3161 1704 3248 praeceptum

302 3369 342 3408 m.
355 3365 387 3406 ιι.
406 3342 466 3406 Eri.
477 3345 581 3402 Frane.
599 3335 681 3396 Vrat.
695 3355 720 3394 ι.
740 3333 808 3393 Eee.
829 3332 926 3392 Guelf.
940 3352 965 3390 ι.
978 3328 1008 3390 3.
1022 3328 1093 3409 4.,7.
1103 3349 1133 3406 9.
1149 3347 1195 3390 ιι.
1211 3346 1256 3386 12.
1277 3325 1362 3385 Bern.
1377 3325 1442 3386 1.3.
1462 3333 1550 3403 0141oe
1566 3346 1626 3385 om,
1643 3323 1703 3386 duo

300 3451 388 3516 mill·
407 3447 477 3506 Tur·
496 3444 559 3503 ΒΕ*
573 3441 603 3512 i·
622 3442 736 3520 aliqum
750 3437 856 3507 Cortii,
875 3435 957 3494 Leid-
972 3456 997 3494 e·
1012 3434 1033 3497 s.
1047 3453 1076 3514 g.
1098 3433 1220 3492 Palatini
1241 3434 1374 3492 meliores
1390 3433 1487 3492 eredo.
1509 3435 1704 3493 comedam

299 3555 362 3621 Bas.
373 3552 403 3625 A.
423 3569 512 3614 orare
526 3556 554 3608 et
569 3544 689 3606 hortari
702 3543 834 3624 plerique
848 3539 942 3598 Cortii
955 3537 1023 3598 libri
1043 3537 1103 3596 Erl.
1122 3537 1191 3619 Teg.
1206 3537 1268 3596 Bas.
1282 3558 1307 3595 ι.
1320 3539 1348 3607 A.
1370 3537 1463 3596 Rern:
1473 3559 1499 3603 ι,
1520 3546 1548 3596 et
1563 3557 1623 3597 om,
1634 3537 1703 3598 vin,

305 3682 330 3726 ι.
350 3661 410 3720 ine.
427 3677 454 3722 ι.
472 3655 557 3715 Rem.
572 3671 600 3711 2.
622 3660 677 3708 tres
690 3657 824 3728 praeterea
837 3643 919 3703 Cort.
939 3643 1024 3702 Bern.
1038 3646 1065 3703 3.
1086 3642 1151 3703 Rir.
1171 3642 1287 3704 Gruter.
1307 3642 1400 3702 Wass.
1411 3641 1491 3706 leid.
1513 3641 1603 3700 hostib
1611 3641 1705 3720 sagi.

301 3773 379 3830 mtes
397 3763 437 3822 ita
447 3759 509 3819 Bas.
523 3779 549 3816 ι.
570 3773 661 3834 noque
684 3751 741 3811 illis
760 3745 930 3808 manliae.
952 3747 1050 3807 Guell.
1065 3767 1091 3804 ι.
1113 3745 1226 3807 Fabiis.
1246 3747 1334 3808 Rivii.
1354 3747 1404 3805 sed
1421 3763 1458 3802 ne
1470 3743 1537 3821 Ing,
1557 3743 1626 3802 vin.
1645 3743 1704 3801 Fa·

300 3871 375 3930 brie.
387 3886 415 3928 2.
435 3867 495 3926 ide.
509 3884 535 3922 ι.
554 3861 638 3920 Rem.
653 3878 680 3924 2.
700 3858 797 3916 Sonat.
811 3875 838 3915 ι.
859 3854 960 3915 lleuss.
980 3853 1060 3912 Vrat.
1076 3872 1102 3911 ι.
1114 3871 1143 3911 2.
1164 3851 1262 3912 Guell.
1278 3873 1303 3910 1.
1314 3851 1342 3912 5.
1364 3849 1426 3912 llas.
1439 3868 1464 3910 1.
1484 3847 1554 3904 Tur.
1575 3845 1660 3904 Bern.
1676 3867 1701 3906 ι.

303 3975 332 4038 5.
360 3992 414 4034 nee
430 3972 478 4032 rel
501 3985 591 4046 raeque
612 3965 710 4028 ceteri.
737 3963 777 4022 ita
794 3960 908 4020 Gruter.
938 3959 1060 4018 llorere.
1086 3955 1168 4016 Leid.
1197 3955 1354 4016 eirourrtire
1374 3954 1434 4014 bar.
1449 3972 1475 4009 ι.
1495 3947 1585 4007 dead.
1606 3949 1702 4012 Struv.

301 4079 406 4144 Fama.
425 4072 563 4142 Goelli.
590 4067 716 4131 circuire
735 4067 856 4147 plurimi
871 4063 948 4122 libri.
978 4079 1120 4123 renovare
1133 4061 1217 4140 proel.
1238 4076 1373 4120 raeoeore
1393 4056 1452 4114 ine.
1466 4071 1494 4112 a.
1522 4069 1591 4110 curn
1608 4051 1703 4114 ditae

302 4186 340 4248 tit
358 4183 499 4246 Senatu.
519 4175 655 4254 Guelf.9.
675 4173 756 4234 Vrat.
768 4191 796 4230 ι.
816 4167 1039 4231 dttbiusinstore
1058 4164 1120 4226 Bas,
1138 4184 1164 4228 ι.
1184 4163 1267 4226 Febr.
1283 4183 1308 4222 ι.

375 4308 460 4392 cap.
476 4305 525 4368 aa
544 4287 652 4365 omns
669 4321 730 4360 om.
745 4297 881 4362 auerti.
900 4293 1001 4364 oar.
1028 4289 1185 4352 summast
1209 4289 1293 4349 nem.
1307 4309 1333 4346 t.
1362 4285 1490 4366 rapam
1511 4283 1631 4350 utu.0.
1652 4286 1703 4345 a.

301 4417 444 4500 lsllsgtmt
460 4413 558 4476 Sonat
571 4429 597 4474 1.
624 4405 721 4466 Gueli.
738 4423 763 4464 1·
775 4421 804 4466 ι.
832 4401 899 4461 Eoo.
917 4396 1091 4478 profugium
1109 4410 1216 4455 novem
1236 4391 1330 4450 Cortii
1346 4390 1511 4450 doteriores.
1529 4391 1591 4457 Bm,
1605 4389 1633 4462 Α,
1654 4391 1704 4450 αἱ.

1258 4494 1284 4549 ’it
