4582 5320
1702 478 1765 527 121

369 628 570 704 tribunum
595 627 717 732 plebis
737 652 875 732 magna
897 626 1069 704 mercede
1085 641 1216 730 parat,
1243 627 1352 704 cuius
1378 628 1618 735 impudentia
1637 645 1771 707 contra

368 754 426 830 ius
457 769 508 827 et'
524 752 684 828 iniurias
705 752 828 826 omnis
850 751 1023 825 munitus
1047 749 1152 825 foret.
1207 753 1257 824 At
1278 753 1315 826 G
1337 753 1564 843 Memmius,
1588 754 1770 830 advocata
1855 837 1869 846 ,

367 878 573 968 concione,
599 903 836 979 quamquam
852 874 930 978 regi
959 871 1093 948 infesta
1114 873 1241 977 plebes
1259 891 1355 966 erat,
1381 893 1420 952 et
1435 903 1522 982 pars
1547 879 1590 951 in
1615 878 1781 985 vincula.

367 1001 457 1076 duci
480 1001 648 1090 iubebat,
671 1025 774 1104 pars,
803 999 846 1074 ni
865 995 985 1072 socios
1002 997 1148 1071 sceleris
1167 998 1225 1074 sui
1245 999 1429 1102 aperiret,
1456 1026 1561 1075 more
1581 1001 1772 1078 maiorum

366 1124 414 1200 de
434 1122 540 1199 hoste
553 1123 789 1226 supplicium
806 1119 926 1214 sumi;
952 1119 1129 1222 dignitati
1154 1148 1273 1223 quam
1307 1121 1374 1196 irae
1401 1122 1519 1227 magis
1548 1124 1771 1216 consulens,

366 1245 495 1325 sedare
514 1263 639 1320 motus
665 1263 703 1320 et
729 1244 875 1323 animos
897 1269 1031 1318 eorum
1053 1243 1221 1340 mollire;
1245 1260 1434 1348 postremo
1451 1245 1701 1340 confirmare,
1729 1247 1772 1320 li-
1854 1344 1856 1349 Ι

367 1370 454 1445 dem
469 1369 666 1472 publicam
685 1395 753 1471 per
772 1393 847 1442 sese
864 1365 1087 1442 inviolatam
1109 1366 1198 1446 fore.
1249 1372 1356 1460 Post,
1382 1371 1452 1446 ubi
1476 1370 1674 1447 silentium
1694 1397 1771 1448 coe-

367 1492 443 1596 pit,
468 1492 657 1596 producto
671 1489 877 1595 Iugurtha,
901 1491 1014 1565 rerba
1030 1489 1138 1569 facit:
1163 1493 1292 1566 Romae
1312 1493 1578 1598 Numidiaeque
1599 1493 1770 1570 facinora

368 1616 448 1692 eius
471 1631 679 1708 memorut3
702 1615 839 1690 scelera
860 1613 902 1688 in
928 1626 1076 1718 patrem
1099 1612 1309 1718 fratresque
1333 1617 1516 1692 ostendit:
1542 1618 1684 1722 quibus
1711 1618 1772 1692 iu-

368 1740 547 1814 vantibus
571 1739 788 1841 quibusque
807 1736 989 1812 ministris
1008 1762 1052 1812 ea
1079 1737 1211 1840 egerit,
1235 1766 1473 1844 quamquam
1488 1741 1685 1847 intellegat
1702 1767 1771 1844 po·

367 1863 482 1966 pulus
504 1864 712 1952 Romanus,
735 1877 863 1936 tomen
892 1860 989 1935 velle
1017 1860 1216 1936 manifesta
1251 1864 1367 1968 magis
1393 1891 1441 1943 ex
1467 1864 1535 1942 illo
1556 1863 1714 1940 habere:
1737 1863 1769 1938 si

367 2013 453 2062 vera
478 1985 639 2089 aperiat,
664 1985 707 2059 in
732 1983 807 2060 fide
830 1999 869 2058 et
889 1983 1090 2057 clementia
1114 1983 1251 2086 populi
1270 1986 1433 2060 Romani
1454 2013 1635 2091 magnam
1664 2013 1774 2092 spem

367 2109 425 2184 illi
438 2110 569 2184 sitam:
593 2109 654 2182 sin
671 2107 843 2196 reticeat,
868 2131 949 2182 non
970 2106 1079 2180 sociis
1099 2107 1215 2181 saluti
1238 2106 1341 2202 fore3
1364 2108 1430 2184 sed
1453 2133 1492 2184 se
1515 2135 1770 2215 suasquespeo

370 2248 651 2337 corrupturum.
703 2229 871 2319 Deinde,
896 2229 966 2304 ubi
988 2229 1191 2305 Memmius
1206 2230 1367 2316 dicundi
1388 2231 1505 2312 linem
1522 2232 1632 2324 fecit,
1647 2249 1686 2308 et
1707 2236 1820 2318 lu.34

367 2355 505 2461 gurtha
530 2353 756 2458 respondere
784 2353 905 2428 iussm
927 2368 1005 2442 est,
1033 2354 1071 2427 (¹.
1091 2353 1260 2445 Btebius,
1284 2354 1462 2430 tribunus
1488 2353 1631 2460 plebis,
1656 2383 1772 2459 quem
1836 2387 1840 2396 ·
1893 2405 1898 2410 -

368 2479 531 2584 pecunia
551 2493 779 2582 corruptum
803 2503 918 2580 supra
935 2473 1118 2568 diximus,
1142 2502 1268 2580 regem
1286 2492 1409 2554 tacere
1424 2477 1547 2553 iubet:
1573 2504 1619 2555 ac
1642 2493 1770 2556 tomen

367 2604 434 2680 etsi
462 2601 693 2692 multitudo,
718 2625 806 2703 quae
840 2599 883 2674 in
913 2595 1098 2673 concione
1129 2597 1280 2690 ederat,
1311 2597 1555 2678 vehementer
1590 2627 1771 2704 accense,

448 2781 580 2864 Condi.
601 2792 701 2841 tomen
715 2778 768 2842 etsi
786 2780 856 2843 Vin.
871 2799 897 2840 ι.
918 2799 958 2838 ιιι.
970 2797 1017 2860 pr.
1037 2787 1137 2839 tomen
1147 2777 1175 2840 si
1181 2787 1208 2838 et
1228 2777 1326 2845 Goelt
1340 2800 1386 2839 ιι.
1406 2779 1578 2840 erotonimi
1593 2779 1663 2868 Τις.
1678 2802 1776 2844 onne-

367 2901 399 2950 ια
415 2909 449 2949 eo
464 2895 592 2968 gesserat
610 2905 673 2964 qua
691 2905 780 2966 supra
793 2884 923 2944 ὼζτὺηιιι
939 2883 1019 2944 Vret.
1034 2905 1060 2943 ι.
1072 2904 1101 2949 ι.
1120 2884 1191 2944 vin.
1203 2903 1232 2946 ι.
1253 2881 1321 2945 Ecc.
1342 2884 1440 2945 Goels.
1459 2905 1485 2944 ι.
1497 2884 1527 2946 3.
1541 2907 1571 2966 9.
1585 2907 1632 2946 ιι.
1652 2887 1692 2946 ita
1706 2888 1773 2947 edi-

366 2995 410 3054 dit
432 2993 553 3054 llorere.
574 2989 801 3050 adsentientibus
824 2987 962 3048 omnibus
974 2988 1056 3052 leid.
1073 3009 1169 3070 neque
1190 2989 1227 3050 do
1247 2990 1368 3052 Peletin.
1385 2989 1498 3070 aliquid
1518 2992 1636 3051 monuit
1654 2990 1771 3072 Gruter,

356 3102 484 3174 firmant
495 3115 532 3156 ex
544 3093 650 3154 nostris
670 3093 732 3158 Bas.
748 3114 773 3158 r.
793 3091 878 3157 Bern.
890 3092 920 3153 3.
940 3103 1048 3154 cuncto
1053 3102 1182 3176 gesserat
1198 3094 1296 3158 Struv.
1316 3091 1427 3154 Arond.
1448 3095 1576 3161 Parisjb.
1596 3095 1773 3158 memorari-

366 3221 429 3263 mtts
448 3200 534 3262 ceteri
547 3199 641 3260 Cortii
651 3197 729 3259 libri.
743 3197 805 3258 Bos.
816 3199 844 3270 d.
866 3217 1052 3260 norrovtmtts
1070 3196 1139 3263 Tur.
1152 3197 1196 3258 itts
1206 3207 1232 3256 ct
1241 3197 1331 3257 iniur.
1348 3197 1390 3260 vis
1400 3207 1428 3258 et
1440 3197 1532 3260 inittr.
1546 3204 1635 3283 longo
1647 3201 1770 3282 plurimi

366 3305 461 3367 Gortii
484 3303 562 3364 libri.
592 3312 621 3364 et
631 3323 702 3384 pars
715 3302 750 3361 in
764 3323 793 3368 ν,
825 3310 854 3362 ct
868 3322 930 3361 orn.
959 3301 1044 3362 llern.
1059 3319 1086 3360 ι.
1114 3301 1212 3361 Guell.
1224 3300 1254 3372 ,4.
1282 3301 1438 3380 meruisset
1469 3302 1532 3364 Bes.
1543 3302 1573 3376 l.
1601 3303 1715 3366 sceleris
1726 3286 1777 3367 stti

367 3430 454 3493 pron.
474 3430 535 3469 om.
548 3407 626 3468 Ririi
639 3407 718 3467 libri.
738 3407 824 3466 Bern.
839 3428 865 3465 ι.
894 3408 926 3466 d.
940 3426 1029 3484 quom
1043 3405 1097 3468 iroe
1115 3405 1212 3484 magis
1226 3426 1252 3466 c.
1280 3407 1320 3466 ite
1336 3406 1434 3469 Guelfi
1454 3429 1480 3474 ι.
1492 3408 1520 3472 3.
1538 3410 1567 3481 d.
1586 3431 1634 3471 ιι.
1657 3410 1776 3475 Febris..

367 3513 428 3575 Bm.
443 3535 468 3573 ι.
480 3514 510 3584 t.
529 3511 598 3571 Tur.
619 3513 660 3572 ita
674 3509 767 3573 wass.
789 3509 905 3569 Gruter.
925 3511 1047 3573 llorere.
1065 3509 1230 3578 ediderunt.
1251 3511 1319 3572 Vin.
1340 3511 1436 3573 Sonat.
1458 3533 1483 3578 r.
1504 3514 1600 3576 strov.
1622 3513 1684 3595 dig.
1702 3535 1771 3576 mo·

365 3621 410 3701 gis
430 3637 517 3698 qoam
536 3617 632 3676 ceteri.
654 3613 768 3674 animos
777 3633 879 3674 eorum
898 3634 986 3695 pron.
1002 3633 1067 3684 orn.
1084 3613 1170 3676 Rem.
1188 3636 1215 3675 r.
1235 3635 1312 3676 unus
1321 3617 1436 3684 Wossii.
1463 3618 1577 3696 estoit
1601 3617 1722 3683 Letoa.
1737 3621 1769 3680 d.

367 3720 436 3808 eh.
456 3721 559 3790 ΒΜ,
584 3740 621 3780 eo
636 3721 729 3802 egerit
757 3740 846 3801 pron.
858 3739 915 3786 orn
926 3719 995 3779 Vin.
1008 3739 1036 3779 ι.
1055 3703 1109 3800 ¹⁶3.
1128 3739 1164 3780 eo
1190 3720 1286 3783 Strur.
1307 3722 1367 3782 inc.
1378 3741 1406 3791 ι,
1426 3720 1586 3798 infratres
1599 3730 1771 3800 patremqm

365 3825 427 3888 Bes.
443 3847 468 3887 ι.
486 3825 625 3888 sicerum
641 3825 754 3905 operiat
775 3823 836 3884 Bes.
855 3845 881 3884 ι.
901 3823 988 3884 Bern.
1001 3844 1027 3886 1.
1057 3824 1145 3904 pauci
1162 3843 1196 3884 ex
1211 3822 1293 3885 Cort.
1316 3826 1487 3886 recentiores
1501 3823 1621 3887 Palatio.
1647 3822 1730 3884 leid.
1746 3829 1769 3886 1.

367 3929 459 3996 Mirr
477 3941 507 3996 r.
528 3951 563 3990 ex
577 3941 698 3990 correct.
730 3949 791 3990 non
807 3929 897 3992 soluti
908 3927 993 3992 sociis
1003 3930 1078 4006 sore
1096 3928 1158 3988 Ber.
1175 3950 1201 3993 ι.
1225 3930 1277 3996 sed
1289 3945 1529 4007 restrosqusper
1551 3937 1769 4008 comrpttrwn.

366 4054 423 4100 sose
438 4053 559 4114 suosque
578 4033 644 4120 (sed
658 4034 784 4114 omisso)
808 4031 944 4105 Gustbd.
962 4053 1008 4093 ro.
1029 4031 1109 4094 Vrat.
1122 4053 1149 4093 ι.
1162 4031 1191 4094 3.
1213 4033 1281 4094 Vm.
1294 4053 1323 4098 ι.

449 4159 522 4243 Cap.
544 4161 592 4232 dd.
621 4161 747 4222 &cundi
764 4161 861 4222 Guels.
878 4162 907 4222 3..
935 4171 1035 4222 umen
1049 4160 1104 4222 etri
1133 4161 1233 4220 lleust.
1261 4161 1344 4222 voltu
1363 4159 1425 4220 liet.
1444 4181 1469 4218 ι.
1488 4160 1568 4220 Vret.
1580 4179 1609 4226 ι.
1629 4161 1725 4224 Senot.
1739 4183 1768 4225 ι.

367 4267 466 4334 liena.
487 4285 563 4330 uum
570 4263 683 4334 want.
702 4264 830 4334 discesit
846 4265 927 4338 Leid.
939 4266 969 4332 d.
982 4267 1003 4324 f.
1015 4263 1046 4327 h.
1056 4265 1076 4326 i.
1096 4266 1196 4346 plures
1205 4263 1282 4328 mvii
1296 4274 1326 4358 et
1334 4265 1438 4326 Weuii
1452 4261 1570 4362 Comm.
1578 4267 1701 4350 aliquot.
1713 4265 1771 4328 r·-

1326 4391 1372 4467 16
