4570 5316
1572 433 1636 526 141

244 641 304 692 eos
323 615 521 721 impeditos
549 611 662 690 ramis
685 607 867 686 arborum
885 623 1000 712 atque
1020 609 1072 686 ita
1100 609 1271 687 disiectos
1295 609 1562 686 circumveniri
1585 609 1642 684 vi-

246 739 356 833 dent;
379 739 510 844 lugam
525 737 676 814 faciunt
693 769 701 810 :
720 761 764 808 ac
790 731 982 836 plerique,
1002 733 1155 839 abiectis
1174 735 1308 822 armis,
1324 735 1429 809 collis
1458 751 1526 809 aut
1550 759 1642 808 noo·

247 863 309 952 tis,
335 888 420 964 quae
439 863 516 936 iam
538 861 693 948 aderat,
713 854 856 932 auxilio
887 854 1023 958 integri
1051 857 1202 931 abeunt.
1251 855 1457 964 Elephanti
1477 873 1643 959 quatuor
1751 917 1755 930 .

246 985 365 1088 cepti,
387 984 526 1087 reliqui
542 1008 692 1071 omnes,
715 1004 876 1054 numero
899 978 1173 1082 quadraginta,
1194 980 1391 1054 interfecti.
1442 985 1491 1053 At
1506 983 1643 1054 Roma·

247 1101 305 1190 ni,
330 1127 568 1202 quamquam
589 1099 725 1174 itinere
740 1117 856 1204 atque
870 1127 983 1204 opere
1008 1119 1220 1177 castrorum
1236 1120 1274 1178 et
1294 1103 1424 1206 praelio
1444 1103 1528 1176 fessi
1549 1101 1644 1175 lati-

247 1250 322 1326 que
352 1241 479 1316 erant;
503 1240 648 1312 tamen,
674 1223 780 1326 quod
801 1225 976 1300 Metellus
999 1225 1163 1329 amplius
1190 1227 1371 1329 opinione
1396 1226 1644 1312 morabatur,

249 1345 424 1420 instructi
452 1346 669 1448 intentique
693 1345 845 1424 obviam
863 1347 1086 1452 procedunt.
1135 1349 1232 1422 Nam
1255 1348 1365 1423 dolus
1390 1349 1646 1424 Numidarum

248 1467 348 1546 nibil
381 1468 554 1574 languidi
584 1495 710 1571 nuque
741 1470 884 1547 remissi
916 1463 1143 1577 patiebatur.
1201 1475 1256 1548 Ac
1289 1473 1443 1575 primo,
1486 1473 1665 1547 obscura'

248 1609 378 1682 nocte,
400 1608 604 1698 postquam
622 1590 730 1668 haud
753 1593 890 1698 procul
918 1595 1019 1670 inter
1038 1622 1076 1669 se
1095 1611 1224 1686 erant,
1246 1597 1428 1700 strepitu,
1451 1595 1556 1672 velut
1577 1583 1665 1667 ho-'

247 1729 317 1790 stes
340 1712 563 1807 adventare,
583 1714 693 1791 alteri
706 1716 816 1820 apud
832 1717 968 1794 alteros
985 1718 1229 1794 formidinem
1244 1719 1360 1793 simul
1381 1735 1419 1794 et
1435 1718 1648 1793 tumultum

249 1835 403 1913 facere:
441 1854 479 1913 et
510 1864 618 1942 paene
644 1839 904 1944 imprudentia
935 1840 1141 1916 admissum
1175 1841 1324 1917 facinus
1354 1841 1584 1930 miserabile,
1606 1839 1649 1913 ni

250 1961 445 2065 utrimque
475 1963 657 2065 praemissi
683 1964 827 2066 equites
849 1991 929 2042 rem
955 1965 1254 2067 exploravissent
1305 1966 1427 2068 Igitur
1450 1992 1521 2069 pro
1544 1981 1650 2038 metu

250 2101 403 2189 repente
430 2087 614 2191 gaudium
632 2103 831 2178 exortum,
865 2087 1004 2162 milites
1032 2087 1129 2164 alius
1162 2087 1284 2162 alium
1309 2086 1387 2162 loeti
1419 2087 1651 2190 adpellant,

251 2225 333 2284 acta
355 2209 517 2286 edocent
537 2225 653 2313 atque
677 2210 873 2285 audiunt:
898 2236 965 2284 sua
989 2209 1151 2312 quisque
1172 2209 1286 2284 fortia
1311 2210 1411 2285 facta
1434 2211 1483 2286 ad
1509 2210 1651 2284 coelum

251 2331 332 2406 fert.
383 2331 539 2437 Quippe
553 2359 610 2409 res
628 2335 810 2408 humanae
835 2331 887 2406 ita
911 2357 987 2406 sese
1008 2330 1182 2406 habent:
1208 2332 1250 2406 in
1273 2332 1431 2408 victoria
1461 2333 1519 2408 rel
1547 2331 1653 2435 igna-

252 2457 305 2530 vis
333 2455 488 2561 gloriari
513 2456 619 2546 licet,
641 2456 808 2530 advorsae
835 2479 892 2529 res
914 2454 1030 2528 etiam
1052 2453 1172 2528 bonos
1203 2455 1425 2529 detractant.
1476 2455 1652 2530 Metellus
1664 2474 1701 2544 54

253 2577 294 2652 iu
320 2565 438 2656 isdem
457 2580 585 2655 castris
603 2577 811 2682 quatriduo
836 2591 1023 2666 moratus,
1041 2576 1186 2650 saucios
1202 2604 1292 2650 cum
1309 2603 1399 2651 cura
1417 2577 1558 2666 relisit,
1577 2602 1654 2649 me-

252 2699 341 2776 ritus
363 2703 405 2778 in
425 2703 565 2806 praeliis
585 2727 691 2776 more
710 2699 857 2775 militiae
878 2698 1023 2787 donat,
1043 2698 1234 2773 universos
1255 2700 1297 2772 in
1320 2699 1504 2774 concione
1522 2697 1655 2772 laudat

254 2840 367 2926 atque
394 2826 471 2930 agit
500 2825 655 2930 gratias5
681 2821 860 2898 hortatur
889 2820 939 2896 ad
972 2836 1113 2910 cetera,
1141 2847 1227 2923 quae
1251 2821 1345 2897 levia
1384 2839 1491 2912 sunt,
1522 2847 1655 2925 parem

254 2948 427 3022 animum
447 2963 603 3053 gerant:
628 2971 699 3050 pro
726 2944 883 3020 victoria
906 2943 994 3020 satis
1015 2943 1093 3024 iam
1108 2962 1342 3049 pugnatum,
1366 2945 1531 3050 reliquos
1550 2944 1655 3022 labo·

256 3185 320 3234 cerat
330 3215 341 3248 ,
357 3175 486 3236 osidiunt
505 3175 646 3236 linono.
666 3174 746 3237 Vrat.
757 3194 783 3238 a.
804 3173 1009 3250 coelumserre
1030 3174 1089 3237 inc.
1103 3193 1130 3232 a.
1151 3173 1263 3235 Fabric.
1276 3196 1300 3234 ι.
1322 3197 1363 3235 m.
1374 3196 1420 3256 pr.
1439 3173 1567 3234 Putscbii
1580 3173 1656 3232 Cod.

167 3314 171 3322 -
254 3278 322 3338 l'ur.
338 3300 393 3359 pro
412 3281 491 3342 varia
510 3282 574 3339 lect.
594 3276 682 3337 babet
702 3277 811 3338 tollere.
824 3279 933 3354 serum
946 3278 987 3334 ud
1003 3276 1114 3335 coelum
1130 3276 1211 3336 Leid.
1228 3279 1255 3336 lt.
1277 3281 1447 3340 detractant
1466 3279 1533 3340 Ecc.
1554 3280 1659 3340 ineest.

254 3382 348 3444 Stmv.
370 3383 475 3443 Franc.
496 3383 575 3443 Vrat.
586 3381 615 3442 3.
636 3383 735 3445 Heuss.
763 3381 860 3440 Guell.
873 3402 901 3439 a.
915 3385 942 3442 3.
955 3401 982 3461 7.
1002 3400 1047 3437 rr.
1062 3400 1109 3438 ra.
1129 3381 1197 3441 Naz.
1220 3403 1260 3442 m.
1276 3404 1321 3466 pr.
1352 3383 1482 3448 tetus.
1501 3404 1526 3443 e.
1543 3380 1575 3440 h.
1592 3382 1620 3440 k.
1637 3384 1658 3442 1.

255 3505 296 3545 ιιι.
308 3507 339 3546 n.
355 3489 408 3547 olr.
425 3485 586 3547 Broullrus.
601 3486 639 3545 ad
655 3487 740 3566 Prop.
756 3485 796 3542 11.
817 3505 845 3543 a.
867 3483 939 3548 Pier.
962 3483 1000 3542 sd
1019 3483 1099 3565 virg.
1113 3482 1220 3562 Georg.
1238 3479 1269 3541 3.
1281 3481 1329 3562 57.
1359 3481 1445 3542 ceteri
1462 3479 1584 3542 suriant.
1605 3479 1660 3537 ‹lc-

256 3601 384 3652 trsotant
397 3592 466 3652 vta.
482 3611 506 3651 ι.
520 3591 617 3651 Guell.
632 3610 657 3649 ι.
673 3593 771 3672 plures
781 3587 895 3652 Wassii.
913 3587 983 3646 Tur.
1005 3608 1045 3644 m.
1055 3609 1100 3668 pr.
1121 3585 1170 3645 scd
1183 3587 1351 3644 ‹latr-actam
1367 3595 1528 3644 correctum
1541 3592 1571 3644 et
1585 3584 1661 3644 mols

253 3704 388 3755 tractant
401 3715 456 3778 pro
471 3699 563 3778 glossa
578 3695 768 3776 adscriptum.
797 3692 949 3752 decretont
965 3690 1027 3750 Bas.
1044 3711 1069 3750 1.
1090 3690 1214 3750 Rema.
1234 3688 1315 3762 leid,
1332 3689 1392 3752 c-i.
1413 3687 1445 3748 B.
1461 3685 1531 3749 Pub.
1562 3687 1661 3750 ctes-0-
1778 3765 1782 3775 Ι

257 3809 323 3859 tant
344 3799 440 3865 Guell'.
453 3801 481 3873 4.
503 3799 641 3864 Morbll.

339 3923 413 4008 Cap.
427 3929 475 3999 54.
496 3927 587 3990 sidem
606 3928 666 3991 inc.
686 3927 782 3990 senas
796 3945 822 3986 ι.
842 3925 926 3991 Febr.
938 3945 964 3991 a.
987 3924 1121 3989 Gnell.3.
1150 3923 1263 3982 hisdem
1278 3923 1409 4003 plerique
1425 3917 1521 3980 codd.
1542 3921 1574 3980 in
1593 3923 1680 4002 qui.'

155 4067 157 4072 -
257 4029 312 4090 bus
322 4030 405 4092 Fabr.
418 4053 443 4092 ι.
462 4029 523 4090 Bas.
538 4053 563 4092 1.
586 4031 687 4091 triduo
706 4029 820 4092 leidl.
843 4029 943 4092 triduo
957 4037 1010 4088 aut
1025 4025 1338 4108 quatriduodetcrior.
1353 4024 1441 4087 Pelet.
1470 4023 1573 4100 refecit
1592 4026 1660 4090 Seu.

259 4135 361 4206 linai„
374 4157 398 4198 1.
419 4135 516 4202 Gusll.
533 4156 558 4200 a.
587 4135 683 4196 Strur.
705 4133 893 4212 worsfecit
918 4133 1022 4205 Frena,
1044 4132 1140 4193 Gucll.
1156 4152 1185 4208 9.
1205 4149 1249 4188 ιι.
1270 4125 1468 4204 curarefacs't
1488 4125 1568 4188 leid.
1584 4149 1611 4186 a.
1629 4149 1660 4188 ιι.

258 4239 370 4300 saucios
390 4259 462 4298 cura
477 4239 567 4313 reficit
588 4239 649 4296 Bas.
662 4240 691 4312 4.
713 4240 771 4298 inc.
787 4259 813 4298 ι.
832 4237 899 4300 Eos.
921 4236 1019 4299 Gusls,
1031 4236 1059 4306 4.
1071 4256 1099 4314 7.
1122 4237 1218 4313 plures
1228 4231 1340 4292 Wsssii.
1361 4231 1414 4289 olr.
1429 4230 1529 4294 Senec-
1545 4231 1581 4292 do
1592 4233 1662 4294 llcu.

260 4345 295 4415 4.
315 4363 339 4408 ι.
361 4343 422 4423 ogit
439 4351 537 4424 grates
558 4343 625 4401 Vin.
641 4361 666 4399 1.
690 4341 748 4400 inm
764 4339 942 4420 pegmatis
962 4339 1022 4397 Bas.
1036 4357 1062 4396 1.
1083 4336 1143 4395 iam
1163 4357 1223 4394 οιιι.
1241 4332 1322 4397 rubr.
1339 4352 1363 4391 ι.
1393 4333 1450 4394 lob.
1460 4339 1661 4415 prndn'scrc.
