4570 5316
648 398 718 490 148

600 567 750 648 ⁶⁰dane.
799 574 944 651 Eodem
964 590 1133 677 tempore
1153 571 1260 676 apud
1286 571 1445 648 Zamam
1470 601 1607 679 magna
1628 573 1667 650 vi
1693 573 1919 650 certabatur.
1960 571 2046 646 'Ubi

648 695 810 798 quisque
835 697 977 801 legatus
1008 712 1076 770 aut
1106 695 1283 770 tribunus
1310 697 1495 787 curabat,
1512 723 1556 772 eo
1587 724 1781 772 acerrume
1808 696 1898 789 niti3
1922 721 2047 796 neque

648 819 746 894 alius
763 820 804 894 in
823 819 900 894 alio
919 819 1036 924 magis
1056 845 1179 921 ¹quarn
1203 818 1245 892 in
1278 843 1353 894 sese
1376 845 1481 922 spem
1501 815 1643 896 habere
1663 853 1672 894 ι
1696 820 1914 924 pariterque
1940 816 2048 920 oppi-

648 942 743 1048 dani
764 969 892 1047 agere,
916 969 1137 1046 oppugnare
1157 958 1226 1018 aut
1248 969 1382 1045 parare
1405 943 1583 1019 omnibus
1609 943 1731 1018 locis:
1763 942 1910 1019 avidius
1938 940 2047 1015 alteri

647 1065 784 1142 alteros
806 1065 976 1140 sauciare
991 1093 1108 1167 quam
1130 1081 1246 1140 semet
1269 1083 1407 1170 tegere5
1432 1067 1577 1141 clamor
1589 1066 1797 1170 permixtus
1813 1063 2047 1152 hortatione,

647 1188 800 1279 laetitia,
832 1189 1005 1292 gemitu:
1032 1190 1124 1262 item
1154 1189 1331 1292 strepitus
1358 1217 1554 1264 armorum
1580 1189 1630 1265 ad
1655 1190 1797 1266 coelum
1823 1186 1941 1261 ferri:
1972 1186 2046 1260 tela

648 1311 847 1412 utrimque
868 1310 1003 1387 volare.
1054 1311 1126 1388 Sed
1156 1311 1237 1398 illi,
1263 1313 1332 1414 qui
1364 1314 1508 1388 moenia
1535 1313 1805 1401 defensabant,
1828 1310 1896 1385 ubi
1926 1307 2047 1384 hostes

646 1434 823 1536 paullum
842 1435 956 1511 modo
973 1462 1141 1538 pugnam
1159 1435 1399 1526 remiserant,
1426 1436 1566 1511 intenti
1583 1436 1761 1539 praelium
1776 1450 1946 1537 equestre
1962 1458 2048 1537 pro·

646 1557 891 1659 spectabant3
915 1583 995 1646 eos,
1028 1559 1086 1631 uti
1122 1583 1283 1659 (quaeque
1317 1557 1512 1662 Iugurthae
1542 1585 1599 1634 res
1625 1573 1757 1648 erant,
1784 1557 1886 1632 laetos
1915 1556 2046 1644 modo,

646 1680 760 1754 modo
785 1679 940 1782 pavidos
969 1681 1312 1754 animadverteres:
1335 1706 1397 1768 ae,
1424 1680 1537 1756 sicuti
1565 1681 1692 1755 audiri
1711 1709 1733 1756 a
1752 1681 1829 1756 suis
1850 1695 1919 1756 aut
1942 1680 2044 1767 cerni

646 1819 818 1905 possent,
840 1829 995 1878 monere
1016 1803 1102 1892 alii,
1122 1803 1188 1876 alii
1212 1799 1375 1890 hortari,
1398 1818 1466 1876 aut
1494 1829 1613 1876 manu
1635 1802 1862 1908 significare,
1884 1819 1953 1879 aut
1975 1802 2044 1878 niti

647 1924 887 2027 corporibus,
910 1941 949 1998 et
970 1952 1012 1998 ea
1032 1924 1110 1998 huc
1133 1942 1171 1998 et
1194 1923 1289 1998 illuc
1315 1923 1423 2026 quasi
1449 1925 1651 2003 vitabundi
1675 1943 1744 2002 aut
1768 1927 1944 2003 iacientes
1974 1925 2045 2001 tela

647 2046 798 2150 agitare.
849 2045 966 2141 Quod
984 2045 1055 2118 ubi
1078 2046 1200 2120 Mario
1215 2047 1413 2149 cognitum
1430 2064 1508 2138 est,
1536 2047 1657 2144 (nam
1671 2049 1701 2124 is
1724 2049 1765 2124 in
1792 2077 1836 2126 ea
1855 2065 1965 2154 parte
1982 2077 2045 2124 cu·

647 2169 780 2266 rabat)
807 2168 981 2244 consulto
1015 2166 1139 2243 lenius
1168 2195 1276 2272 agere
1296 2195 1342 2243 ac
1367 2167 1619 2246 diffidentiam
1647 2172 1700 2247 rei
1723 2173 1903 2249 simulare
1930 2207 1937 2246 :
1966 2171 2044 2276 pati

646 2290 829 2366 Numidas
848 2291 929 2365 sine
952 2291 1123 2364 tumultu
1145 2290 1240 2394 regis
1263 2291 1441 2394 praelium
1458 2293 1583 2368 visere
1630 2299 1688 2370 Ita
1713 2295 1788 2370 illis
1812 2297 1940 2374 studio
1963 2323 2045 2372 suo-

647 2441 736 2490 rum
749 2414 955 2502 adstrictis,
976 2429 1130 2518 repente
1150 2441 1287 2517 magna
1301 2414 1339 2490 vi
1359 2441 1516 2490 murum
1544 2417 1766 2522 adgreditur
1786 2452 1793 2493 :
1819 2437 1858 2496 et
1876 2421 1953 2496 iam
1969 2445 2043 2495 sca-

648 2537 694 2612 lis
715 2537 849 2642 egressi
873 2535 1011 2614 milites
1029 2562 1148 2640 prope
1170 2563 1319 2616 summa
1335 2554 1533 2640 ceperant,
1549 2567 1673 2643 quum
1685 2543 1871 2647 oppidani
1888 2571 2043 2622 concur-

731 2738 804 2820 Cap.
820 2741 869 2801 eo.
890 2759 981 2819 neque
997 2740 1072 2800 nlius
1087 2740 1147 2800 olio
1162 2739 1257 2821 magis
1276 2739 1372 2802 Guelf.
1390 2761 1416 2806 a.
1436 2742 1503 2807 Sen.
1518 2763 1545 2802 ι.
1566 2744 1666 2808 neue.
1683 2745 1852 2828 pariterque
1864 2769 1929 2830 opp.
1949 2748 2008 2808 Bas.
2019 2769 2042 2806 ι.

647 2847 676 2918 k.
698 2847 820 2908 Haverc.
839 2843 1065 2905 adsentientibus
1083 2844 1164 2905 leid.
1184 2845 1254 2904 Tur.
1275 2845 1409 2924 quomin
1423 2866 1453 2906 se
1471 2847 1556 2906 Febr.
1577 2849 1646 2910 vin.
1665 2871 1690 2910 1.
1720 2851 1786 2912 Eoo.
1806 2853 1887 2913 Vrat.
1901 2875 1925 2912 ι.
1947 2855 2004 2912 ino.
2017 2873 2042 2910 2.

647 2949 744 3010 Guelt
759 2973 783 3011 ι.
809 2969 896 3030 agere
911 2969 1047 3031 pugnare
1066 2949 1128 3009 Bas.
1139 2949 1168 3020 A.
1194 2971 1382 3032 propugnare
1401 2951 1491 3011 Rern.
1510 2973 1536 3012 ι.
1553 2953 1759 3016 cohortatione
1776 2957 1872 3019 Struv.
1900 2961 1960 3019 ina
1980 2957 2043 3018 Eae.

647 3055 786 3127 GuelM.
802 3077 848 3116 ιι.
868 3054 953 3115 Bern.
968 3077 994 3115 ι.
1014 3055 1135 3119 leidn.
1154 3055 1316 3132 semetipsos
1335 3053 1420 3120 Febr.
1442 3055 1530 3118 ltivii.
1549 3057 1670 3138 strepitu
1689 3080 1765 3120 arm.
1786 3060 1888 3134 Bana.
1912 3061 2042 3143 patellana

646 3163 735 3224 modo
754 3160 839 3222 Fabr.
860 3159 921 3222 Bm.
935 3160 999 3231 124.
1019 3161 1114 3222 Struv.
1134 3160 1202 3220 vin.
1217 3179 1242 3218 ι.
1262 3159 1343 3220 Leid.
1356 3163 1414 3224 e.1.
1426 3180 1467 3219 m.
1487 3160 1555 3221 Tur.
1575 3183 1631 3243 pro
1646 3165 1725 3226 varia
1742 3167 1877 3226 lectione.
1894 3167 2042 3247 paululus

645 3267 741 3326 ceteri.
762 3285 863 3344 eosque
874 3265 1040 3343 utcmque
1049 3263 1203 3344 topanta
1220 3283 1265 3324 res
1280 3273 1366 3326 erant
1386 3263 1500 3325 Fabric.
1512 3286 1538 3324 ι.
1560 3287 1600 3325 m.
1610 3288 1671 3329 sec,
1686 3278 1714 3328 et
1729 3289 1765 3328 en
1781 3271 1882 3331 huc-et
1897 3273 1968 3332 illue
1985 3273 2040 3332 Bu.

649 3369 717 3439 ι.,4.
739 3370 798 3430 inc.
818 3367 870 3430 Ao.
889 3369 957 3428 Sen.
978 3370 1046 3429 vin.
1067 3369 1170 3428 Heuss.
1185 3367 1254 3428 an.
1274 3368 1358 3428 Bem.
1371 3389 1396 3428 1.
1415 3369 1496 3430 Vrat.
1512 3390 1537 3429 ι.
1549 3370 1578 3435 3.
1599 3371 1701 3433 Franc.
1721 3373 1796 3435 Ecc..
1809 3374 1905 3436 Guels.
1920 3398 1946 3436 ι.
1958 3397 1984 3436 ι.
2000 3395 2042 3440 ιι.

646 3469 726 3530 Leia.
737 3471 772 3532 d,
783 3493 810 3552 g.
822 3470 854 3530 h.
868 3471 925 3532 irk.
937 3474 958 3532 1.
976 3474 1017 3531 ita
1033 3473 1120 3532 etiam
1135 3493 1237 3531 onmes
1246 3477 1306 3534 Pal.
1326 3473 1492 3553 signficant
1502 3475 1560 3533 niti
1572 3475 1669 3547 Basa.
1691 3477 1813 3541 Bernrr.
1835 3490 1863 3540 et
1873 3481 2039 3542 bucetilluc

539 3651 542 3656 Ι
646 3574 743 3642 uuelf.
756 3575 784 3635 3.
797 3575 825 3648 4,
840 3595 885 3635 ιο.
907 3575 988 3636 Iaeid.
998 3577 1018 3634 f.
1040 3584 1067 3634 et
1083 3575 1143 3635 huc
1156 3575 1279 3655 illucque
1298 3576 1383 3638 Rem.
1397 3597 1424 3637 ι.
1445 3587 1473 3638 et
1482 3599 1519 3638 eo
1529 3578 1588 3640 huo
1602 3579 1726 3660 illatoque
1745 3583 1826 3644 Laid.
1841 3607 1867 3651 o.
1894 3595 1922 3644 et
1933 3587 1992 3647 hoe
2005 3585 2038 3644 it

645 3683 693 3742 luc
712 3681 807 3746 sima.
829 3702 875 3746 m,
882 3701 927 3762 pr.
948 3690 976 3740 et
990 3700 1025 3739 eo
1042 3681 1102 3740 huo
1119 3679 1190 3739 illuc
1209 3679 1314 3761 Regius
1325 3680 1439 3741 Wassii.
1458 3683 1627 3762 cognitum,
1648 3705 1720 3745 nom
1739 3687 1843 3761 Bana.
1868 3685 1961 3750 lento
1978 3687 2039 3772 agi-

644 3797 709 3846 tare
728 3787 795 3847 Eoo.
816 3785 951 3850 caaltt.
972 3787 1032 3850 inc.
1052 3785 1133 3848 Leid.
1147 3782 1178 3842 h.
1191 3785 1211 3844 i.
1241 3785 1327 3845 scalis
1337 3787 1470 3866 adgressi
1494 3789 1534 3847 ita
1549 3787 1634 3850 Grut
1665 3791 1799 3852 exPalat„
1815 3793 1910 3853 Sonat.
1927 3815 1953 3856 ι.
1983 3797 2036 3855 ino·

646 3912 674 3953 ι.
695 3889 791 3952 Guelf.
806 3913 832 3950 ι.
853 3889 917 3951 Bas.
932 3890 963 3962 4.
981 3893 1081 3970 plures
1089 3889 1171 3949 Leid.
1192 3890 1283 3948 Mark.
1296 3902 1330 3953 Λ.
1343 3905 1374 3956 r.
1394 3891 1492 3951 Psrnb.
1520 3893 1605 3952 ch.
1624 3916 1649 3954 ι.
1676 3897 1788 3974 egressi
1809 3897 1889 3960 Leid.
1902 3921 1936 3962 a..
1944 3901 1964 3960 s.
1973 3922 2000 3982 g.
2009 3897 2036 3957 b.

639 3995 685 4055 m.
707 4017 812 4056 mser.
832 3994 864 4054 B.
875 3995 948 4060 Pub.
967 3995 1064 4060 Turio.
1086 4016 1187 4056 omnes
1201 3995 1259 4057 sere
1275 3992 1356 4054 cort.
1378 3995 1440 4056 Bas.
1455 4017 1480 4055 1.
1502 3996 1588 4057 Bern.
1604 3999 1669 4060 ns.
1692 4001 1815 4080 fflgressi
1832 4003 1913 4063 teia.
1927 4025 1953 4070 c.
1985 4003 2036 4064 tela

643 4099 791 4178 urgerent.
811 4099 870 4160 tela
890 4121 950 4161 orn.
966 4100 1046 4160 Leia.
1058 4100 1088 4159 d.
1109 4100 1227 4164 Martia.
1248 4099 1436 4161 comminutos
1457 4111 1525 4163 sunt
1550 4103 1631 4164 Laid.
1645 4105 1674 4163 d.
1687 4107 1706 4163 f.
1718 4103 1780 4164 h.i.
1794 4128 1835 4166 m.
1856 4107 1957 4180 Boni.
1982 4108 2035 4168 ad-

630 4203 723 4280 flicti
731 4213 808 4268 sunt.
828 4197 896 4264 sunt
914 4203 1066 4265 ombeid.
1079 4226 1105 4265 c.
1126 4203 1210 4264 Bem.
1223 4209 1251 4269 3.
1271 4203 1401 4282 adflictas
1416 4205 1503 4265 Patat.
1522 4228 1547 4267 1.
1561 4229 1588 4268 a.
1609 4218 1671 4268 tum
1682 4230 1746 4291 opp.
1768 4209 1837 4272 Tur.
1857 4213 1953 4276 Stmv.
1973 4213 2037 4273 sen.

644 4329 671 4370 ι.
698 4327 753 4387 quo
767 4307 883 4388 qtu'sque
904 4310 992 4372 modo
1018 4308 1087 4374 Vin.
1102 4327 1130 4368 a.
1158 4310 1198 4370 ita
1216 4306 1368 4370 Putsobius
1383 4329 1420 4371 cx
1435 4314 1578 4396 inemptis,
1595 4313 1716 4378 Havete.
1744 4335 1857 4396 quoquo
1871 4319 1965 4378 modo
1979 4315 2031 4376 n-
