<?xml version="1.0" encoding="UTF-8"?>
<!DOCTYPE html PUBLIC "-//W3C//DTD XHTML 1.0 Transitional//EN"
    "http://www.w3.org/TR/xhtml1/DTD/xhtml1-transitional.dtd">
<html xmlns="http://www.w3.org/1999/xhtml" xml:lang="en" lang="en">
 <head>
  <title>
</title>
<meta http-equiv="Content-Type" content="text/html;charset=utf-8" />
  <meta name='ocr-system' content='tesseract 3.04.00' />
  <meta name='ocr-capabilities' content='ocr_page ocr_carea ocr_par ocr_line ocrx_word'/>
</head>
<body>
  <div class='ocr_page' id='page_1' title='image "./ccrispisalustii02sallgoog_0261.png"; bbox 0 0 4570 5316; ppageno 0'>
   <div class='ocr_carea' id='block_1_1' title="bbox 619 439 693 512">
    <p class='ocr_par' dir='ltr' id='par_1_1' title="bbox 619 439 693 512">
     <span class='ocr_line' id='line_1_1' title="bbox 619 439 693 512; baseline 0.014 -2"><span class='ocrx_word' id='word_1_1' title='bbox 619 439 693 512; x_wconf 81' lang='lat'><strong>218</strong></span> 
     </span>
    </p>
   </div>
   <div class='ocr_carea' id='block_1_2' title="bbox 533 589 2027 3653">
    <p class='ocr_par' dir='ltr' id='par_1_2' title="bbox 533 589 2027 3653">
     <span class='ocr_line' id='line_1_2' title="bbox 627 589 2027 714; baseline -0.001 -26"><span class='ocrx_word' id='word_1_2' title='bbox 627 613 794 699; x_wconf 84' lang='lat' dir='ltr'><strong>culatos,</strong></span> <span class='ocrx_word' id='word_1_3' title='bbox 819 609 904 714; x_wconf 88' lang='lat' dir='ltr'><strong>quis</strong></span> <span class='ocrx_word' id='word_1_4' title='bbox 928 589 1062 684; x_wconf 87' lang='lat' dir='ltr'><strong>eadem</strong></span> <span class='ocrx_word' id='word_1_5' title='bbox 1086 607 1196 684; x_wconf 69' lang='lat' dir='ltr'><strong>volt?</strong></span> <span class='ocrx_word' id='word_1_6' title='bbox 1221 617 1291 680; x_wconf 89' lang='lat' dir='ltr'><strong>aut</strong></span> <span class='ocrx_word' id='word_1_7' title='bbox 1312 603 1399 706; x_wconf 87' lang='lat' dir='ltr'><strong>quis</strong></span> <span class='ocrx_word' id='word_1_8' title='bbox 1426 628 1506 679; x_wconf 91' lang='lat' dir='ltr'><strong>non</strong></span> <span class='ocrx_word' id='word_1_9' title='bbox 1529 603 1659 678; x_wconf 88' lang='lat' dir='ltr'><strong>omnia</strong></span> <span class='ocrx_word' id='word_1_10' title='bbox 1691 622 1867 702; x_wconf 86' lang='lat' dir='ltr'><strong>mutata,</strong></span> <span class='ocrx_word' id='word_1_11' title='bbox 1888 615 2027 711; x_wconf 75' lang='lat' dir='ltr'><strong>praeter</strong></span> 
     </span>
     <span class='ocr_line' id='line_1_3' title="bbox 627 726 2027 838; baseline -0.004 -27"><span class='ocrx_word' id='word_1_12' title='bbox 627 733 850 811; x_wconf 74' lang='lat' dir='ltr'><strong>victoriam?</strong></span> <span class='ocrx_word' id='word_1_13' title='bbox 874 731 1017 806; x_wconf 90' lang='lat' dir='ltr'><strong>scilicet</strong></span> <span class='ocrx_word' id='word_1_14' title='bbox 1037 729 1175 816; x_wconf 84' lang='lat' dir='ltr'><strong>milites</strong></span> <span class='ocrx_word' id='word_1_15' title='bbox 1201 761 1209 802; x_wconf 97' lang='lat'><strong>:</strong></span> <span class='ocrx_word' id='word_1_16' title='bbox 1243 753 1411 828; x_wconf 81' lang='lat' dir='ltr'><strong>quorum</strong></span> <span class='ocrx_word' id='word_1_17' title='bbox 1432 726 1617 828; x_wconf 87' lang='lat' dir='ltr'><strong>sanguine</strong></span> <span class='ocrx_word' id='word_1_18' title='bbox 1637 728 1789 802; x_wconf 85' lang='lat' dir='ltr'><strong>Tarulae</strong></span> <span class='ocrx_word' id='word_1_19' title='bbox 1809 731 2027 838; x_wconf 79' lang='lat' dir='ltr'><strong>Scyrtoque,</strong></span> 
     </span>
     <span class='ocr_line' id='line_1_4' title="bbox 627 848 2024 962; baseline 0.003 -30"><span class='ocrx_word' id='word_1_20' title='bbox 627 856 809 962; x_wconf 83' lang='lat' dir='ltr'><strong>pessumis</strong></span> <span class='ocrx_word' id='word_1_21' title='bbox 829 881 1043 944; x_wconf 86' lang='lat' dir='ltr'><strong>servorum,</strong></span> <span class='ocrx_word' id='word_1_22' title='bbox 1068 852 1210 928; x_wconf 83' lang='lat' dir='ltr'><strong>divitia:</strong></span> <span class='ocrx_word' id='word_1_23' title='bbox 1229 867 1349 954; x_wconf 80' lang='lat' dir='ltr'><strong>partae</strong></span> <span class='ocrx_word' id='word_1_24' title='bbox 1369 864 1488 926; x_wconf 89' lang='lat' dir='ltr'><strong>sunt:</strong></span> <span class='ocrx_word' id='word_1_25' title='bbox 1514 876 1591 940; x_wconf 91' lang='lat' dir='ltr'><strong>an,</strong></span> <span class='ocrx_word' id='word_1_26' title='bbox 1616 848 1756 950; x_wconf 84' lang='lat' dir='ltr'><strong>quibus</strong></span> <span class='ocrx_word' id='word_1_27' title='bbox 1783 855 1963 956; x_wconf 76' lang='lat' dir='ltr'><strong>praelatus</strong></span> <span class='ocrx_word' id='word_1_28' title='bbox 1983 862 2024 936; x_wconf 90' lang='lat' dir='ltr'><strong>in</strong></span> 
     </span>
     <span class='ocr_line' id='line_1_5' title="bbox 626 971 2027 1083; baseline -0.009 -29"><span class='ocrx_word' id='word_1_29' title='bbox 626 978 906 1083; x_wconf 85' lang='lat' dir='ltr'><strong>magistratibus</strong></span> <span class='ocrx_word' id='word_1_30' title='bbox 927 975 1129 1081; x_wconf 79' lang='lat' dir='ltr'><strong>capiundis</strong></span> <span class='ocrx_word' id='word_1_31' title='bbox 1148 973 1338 1062; x_wconf 83' lang='lat' dir='ltr'><strong>Fufidius,</strong></span> <span class='ocrx_word' id='word_1_32' title='bbox 1363 971 1503 1048; x_wconf 89' lang='lat' dir='ltr'><strong>ancilla</strong></span> <span class='ocrx_word' id='word_1_33' title='bbox 1523 972 1661 1075; x_wconf 88' lang='lat' dir='ltr'><strong>turpis,</strong></span> <span class='ocrx_word' id='word_1_34' title='bbox 1688 971 1883 1053; x_wconf 88' lang='lat' dir='ltr'><strong>bonorum</strong></span> <span class='ocrx_word' id='word_1_35' title='bbox 1903 987 2027 1058; x_wconf 91' lang='lat' dir='ltr'><strong>omni.</strong></span> 
     </span>
     <span class='ocr_line' id='line_1_6' title="bbox 625 1093 2026 1208; baseline 0.006 -34"><span class='ocrx_word' id='word_1_36' title='bbox 625 1129 692 1174; x_wconf 92' lang='lat' dir='ltr'><strong>um</strong></span> <span class='ocrx_word' id='word_1_37' title='bbox 720 1099 1134 1176; x_wconf 73' lang='lat' dir='ltr'><strong>dehonestamentum?</strong></span> <span class='ocrx_word' id='word_1_38' title='bbox 1170 1101 1304 1199; x_wconf 84' lang='lat' dir='ltr'><strong>Itaque</strong></span> <span class='ocrx_word' id='word_1_39' title='bbox 1336 1122 1556 1171; x_wconf 79' lang='lat' dir='ltr'><strong>maxumam</strong></span> <span class='ocrx_word' id='word_1_40' title='bbox 1590 1093 1689 1170; x_wconf 90' lang='lat' dir='ltr'><strong>mihi</strong></span> <span class='ocrx_word' id='word_1_41' title='bbox 1716 1095 1897 1176; x_wconf 84' lang='lat' dir='ltr'><strong>fiduciam</strong></span> <span class='ocrx_word' id='word_1_42' title='bbox 1923 1111 2026 1208; x_wconf 90' lang='lat' dir='ltr'><strong>parit</strong></span> 
     </span>
     <span class='ocr_line' id='line_1_7' title="bbox 622 1217 2025 1334; baseline -0.006 -35"><span class='ocrx_word' id='word_1_43' title='bbox 622 1223 745 1299; x_wconf 82' lang='lat' dir='ltr'><strong>victor</strong></span> <span class='ocrx_word' id='word_1_44' title='bbox 760 1223 961 1312; x_wconf 83' lang='lat' dir='ltr'><strong>exercitus,</strong></span> <span class='ocrx_word' id='word_1_45' title='bbox 986 1221 1051 1296; x_wconf 92' lang='lat' dir='ltr'><strong>cui</strong></span> <span class='ocrx_word' id='word_1_46' title='bbox 1079 1246 1150 1324; x_wconf 88' lang='lat' dir='ltr'><strong>per</strong></span> <span class='ocrx_word' id='word_1_47' title='bbox 1171 1236 1228 1295; x_wconf 82' lang='lat' dir='ltr'><strong>tot</strong></span> <span class='ocrx_word' id='word_1_48' title='bbox 1247 1218 1403 1296; x_wconf 81' lang='lat' dir='ltr'><strong>volnera</strong></span> <span class='ocrx_word' id='word_1_49' title='bbox 1419 1235 1458 1294; x_wconf 83' lang='lat' dir='ltr'><strong>et</strong></span> <span class='ocrx_word' id='word_1_50' title='bbox 1482 1218 1646 1306; x_wconf 88' lang='lat' dir='ltr'><strong>labores,</strong></span> <span class='ocrx_word' id='word_1_51' title='bbox 1674 1217 1775 1294; x_wconf 86' lang='lat' dir='ltr'>nihil</span> <span class='ocrx_word' id='word_1_52' title='bbox 1807 1242 1945 1326; x_wconf 82' lang='lat' dir='ltr'><strong>proeter</strong></span> <span class='ocrx_word' id='word_1_53' title='bbox 1968 1247 2025 1334; x_wconf 79' lang='lat' dir='ltr'><strong>ty.</strong></span> 
     </span>
     <span class='ocr_line' id='line_1_8' title="bbox 623 1341 2024 1448; baseline 0.007 -28"><span class='ocrx_word' id='word_1_54' title='bbox 623 1371 793 1422; x_wconf 85' lang='lat' dir='ltr'><strong>rannum</strong></span> <span class='ocrx_word' id='word_1_55' title='bbox 808 1345 1010 1448; x_wconf 85' lang='lat' dir='ltr'><strong>quaesitum</strong></span> <span class='ocrx_word' id='word_1_56' title='bbox 1033 1358 1095 1418; x_wconf 80' lang='lat' dir='ltr'><strong>est.</strong></span> <span class='ocrx_word' id='word_1_57' title='bbox 1145 1342 1224 1418; x_wconf 89' lang='lat' dir='ltr'><strong>Nisi</strong></span> <span class='ocrx_word' id='word_1_58' title='bbox 1242 1341 1339 1418; x_wconf 83' lang='lat' dir='ltr'><strong>forte</strong></span> <span class='ocrx_word' id='word_1_59' title='bbox 1353 1341 1602 1417; x_wconf 85' lang='lat' dir='ltr'><strong>tribuniciam</strong></span> <span class='ocrx_word' id='word_1_60' title='bbox 1619 1357 1843 1445; x_wconf 83' lang='lat' dir='ltr'><strong>potestatem</strong></span> <span class='ocrx_word' id='word_1_61' title='bbox 1856 1375 2024 1430; x_wconf 85' lang='lat' dir='ltr'><strong>eversum</strong></span> 
     </span>
     <span class='ocr_line' id='line_1_9' title="bbox 622 1465 2025 1572; baseline 0.007 -30"><span class='ocrx_word' id='word_1_62' title='bbox 622 1467 784 1572; x_wconf 85' lang='lat' dir='ltr'><strong>profecti</strong></span> <span class='ocrx_word' id='word_1_63' title='bbox 801 1483 893 1542; x_wconf 88' lang='lat' dir='ltr'><strong>sunt</strong></span> <span class='ocrx_word' id='word_1_64' title='bbox 915 1493 985 1569; x_wconf 91' lang='lat' dir='ltr'><strong>per</strong></span> <span class='ocrx_word' id='word_1_65' title='bbox 1003 1492 1125 1554; x_wconf 89' lang='lat' dir='ltr'><strong>arma,</strong></span> <span class='ocrx_word' id='word_1_66' title='bbox 1139 1465 1336 1542; x_wconf 90' lang='lat' dir='ltr'><strong>conditam</strong></span> <span class='ocrx_word' id='word_1_67' title='bbox 1350 1491 1374 1540; x_wconf 85' lang='lat' dir='ltr'><strong>a</strong></span> <span class='ocrx_word' id='word_1_68' title='bbox 1390 1465 1598 1542; x_wconf 90' lang='lat' dir='ltr'><strong>maioribus</strong></span> <span class='ocrx_word' id='word_1_69' title='bbox 1617 1465 1712 1554; x_wconf 89' lang='lat' dir='ltr'><strong>suis,</strong></span> <span class='ocrx_word' id='word_1_70' title='bbox 1737 1468 1874 1572; x_wconf 87' lang='lat' dir='ltr'><strong>utique</strong></span> <span class='ocrx_word' id='word_1_71' title='bbox 1888 1473 1973 1550; x_wconf 87' lang='lat' dir='ltr'><strong>iura</strong></span> <span class='ocrx_word' id='word_1_72' title='bbox 1987 1495 2025 1552; x_wconf 91' lang='lat' dir='ltr'><strong>et</strong></span> 
     </span>
     <span class='ocr_line' id='line_1_10' title="bbox 623 1587 2025 1696; baseline 0.005 -33"><span class='ocrx_word' id='word_1_73' title='bbox 623 1589 765 1666; x_wconf 87' lang='lat' dir='ltr'><strong>iudicia</strong></span> <span class='ocrx_word' id='word_1_74' title='bbox 780 1589 933 1664; x_wconf 89' lang='lat' dir='ltr'><strong>sibimet</strong></span> <span class='ocrx_word' id='word_1_75' title='bbox 946 1604 1238 1692; x_wconf 80' lang='lat' dir='ltr'><strong>extorquerent:</strong></span> <span class='ocrx_word' id='word_1_76' title='bbox 1259 1590 1404 1694; x_wconf 86' lang='lat' dir='ltr'><strong>egregia</strong></span> <span class='ocrx_word' id='word_1_77' title='bbox 1422 1587 1566 1664; x_wconf 89' lang='lat' dir='ltr'><strong>scilicet</strong></span> <span class='ocrx_word' id='word_1_78' title='bbox 1590 1587 1779 1681; x_wconf 83' lang='lat' dir='ltr'><strong>mercede,</strong></span> <span class='ocrx_word' id='word_1_79' title='bbox 1797 1621 1920 1696; x_wconf 86' lang='lat' dir='ltr'><strong>quum</strong></span> <span class='ocrx_word' id='word_1_80' title='bbox 1933 1600 2025 1675; x_wconf 85' lang='lat' dir='ltr'><strong>rele-</strong></span> 
     </span>
     <span class='ocr_line' id='line_1_11' title="bbox 621 1708 2021 1822; baseline 0.006 -35"><span class='ocrx_word' id='word_1_81' title='bbox 621 1713 698 1816; x_wconf 90' lang='lat' dir='ltr'><strong>gati</strong></span> <span class='ocrx_word' id='word_1_82' title='bbox 717 1713 758 1787; x_wconf 92' lang='lat' dir='ltr'><strong>in</strong></span> <span class='ocrx_word' id='word_1_83' title='bbox 774 1712 934 1816; x_wconf 81' lang='lat' dir='ltr'><strong>paludes</strong></span> <span class='ocrx_word' id='word_1_84' title='bbox 944 1729 982 1787; x_wconf 91' lang='lat' dir='ltr'><strong>et</strong></span> <span class='ocrx_word' id='word_1_85' title='bbox 990 1711 1401 1801; x_wconf 88' lang='lat' dir='ltr'><strong>silvas,contumeliam</strong></span> <span class='ocrx_word' id='word_1_86' title='bbox 1410 1727 1526 1814; x_wconf 86' lang='lat' dir='ltr'><strong>atque</strong></span> <span class='ocrx_word' id='word_1_87' title='bbox 1536 1708 1721 1786; x_wconf 82' lang='lat' dir='ltr'><strong>invidiam</strong></span> <span class='ocrx_word' id='word_1_88' title='bbox 1735 1725 2021 1822; x_wconf 81' lang='lat' dir='ltr'><strong>suam,praemia</strong></span> 
     </span>
     <span class='ocr_line' id='line_1_12' title="bbox 620 1834 2024 1945; baseline -0.001 -35"><span class='ocrx_word' id='word_1_89' title='bbox 620 1859 735 1938; x_wconf 87' lang='lat' dir='ltr'><strong>penes</strong></span> <span class='ocrx_word' id='word_1_90' title='bbox 753 1860 894 1938; x_wconf 90' lang='lat' dir='ltr'><strong>paucos</strong></span> <span class='ocrx_word' id='word_1_91' title='bbox 917 1834 1188 1939; x_wconf 77' lang='lat' dir='ltr'><strong>intellegerent.</strong></span> <span class='ocrx_word' id='word_1_92' title='bbox 1223 1834 1354 1931; x_wconf 85' lang='lat' dir='ltr'><strong>Quane</strong></span> <span class='ocrx_word' id='word_1_93' title='bbox 1374 1834 1490 1940; x_wconf 87' lang='lat' dir='ltr'><strong>igitur</strong></span> <span class='ocrx_word' id='word_1_94' title='bbox 1507 1849 1615 1910; x_wconf 86' lang='lat' dir='ltr'><strong>tanto</strong></span> <span class='ocrx_word' id='word_1_95' title='bbox 1639 1836 1789 1939; x_wconf 82' lang='lat' dir='ltr'><strong>agmine</strong></span> <span class='ocrx_word' id='word_1_96' title='bbox 1810 1856 1926 1945; x_wconf 78' lang='lat' dir='ltr'><strong>atque</strong></span> <span class='ocrx_word' id='word_1_97' title='bbox 1935 1850 2024 1938; x_wconf 53' lang='lat' dir='ltr'><strong>ani.</strong></span> 
     </span>
     <span class='ocr_line' id='line_1_13' title="bbox 533 1956 2022 2070; baseline 0.011 -44"><span class='ocrx_word' id='word_1_98' title='bbox 533 2021 536 2026; x_wconf 88' lang='lat'>.</span> <span class='ocrx_word' id='word_1_99' title='bbox 620 1957 692 2034; x_wconf 88' lang='lat' dir='ltr'><strong>mis</strong></span> <span class='ocrx_word' id='word_1_100' title='bbox 712 1956 880 2031; x_wconf 78' lang='lat' dir='ltr'><strong>inoediti</strong></span> <span class='ocrx_word' id='word_1_101' title='bbox 900 1957 991 2058; x_wconf 88' lang='lat' dir='ltr'><strong>quia</strong></span> <span class='ocrx_word' id='word_1_102' title='bbox 1012 1957 1188 2030; x_wconf 75' lang='lat' dir='ltr'><strong>secundae</strong></span> <span class='ocrx_word' id='word_1_103' title='bbox 1208 1981 1265 2032; x_wconf 80' lang='lat' dir='ltr'><strong>res</strong></span> <span class='ocrx_word' id='word_1_104' title='bbox 1289 1957 1386 2031; x_wconf 89' lang='lat' dir='ltr'><strong>mire</strong></span> <span class='ocrx_word' id='word_1_105' title='bbox 1405 1972 1498 2032; x_wconf 84' lang='lat' dir='ltr'><strong>sunt</strong></span> <span class='ocrx_word' id='word_1_106' title='bbox 1528 1957 1628 2032; x_wconf 89' lang='lat' dir='ltr'><strong>vitiis</strong></span> <span class='ocrx_word' id='word_1_107' title='bbox 1656 1959 1850 2057; x_wconf 88' lang='lat' dir='ltr'><strong>obtentni;</strong></span> <span class='ocrx_word' id='word_1_108' title='bbox 1883 1971 2022 2070; x_wconf 80' lang='lat' dir='ltr'><strong>quibus</strong></span> 
     </span>
     <span class='ocr_line' id='line_1_14' title="bbox 621 2077 2023 2197; baseline 0.012 -47"><span class='ocrx_word' id='word_1_109' title='bbox 621 2077 831 2169; x_wconf 82' lang='lat' dir='ltr'><strong>labefactis,</strong></span> <span class='ocrx_word' id='word_1_110' title='bbox 857 2105 976 2181; x_wconf 86' lang='lat' dir='ltr'><strong>quam</strong></span> <span class='ocrx_word' id='word_1_111' title='bbox 997 2077 1224 2152; x_wconf 85' lang='lat' dir='ltr'><strong>formidatus</strong></span> <span class='ocrx_word' id='word_1_112' title='bbox 1243 2093 1315 2168; x_wconf 88' lang='lat' dir='ltr'><strong>est,</strong></span> <span class='ocrx_word' id='word_1_113' title='bbox 1341 2093 1419 2151; x_wconf 90' lang='lat' dir='ltr'><strong>tam</strong></span> <span class='ocrx_word' id='word_1_114' title='bbox 1439 2095 1724 2155; x_wconf 81' lang='lat' dir='ltr'><strong>contemnetur:</strong></span> <span class='ocrx_word' id='word_1_115' title='bbox 1739 2083 1812 2159; x_wconf 88' lang='lat' dir='ltr'><strong>nisi</strong></span> <span class='ocrx_word' id='word_1_116' title='bbox 1830 2085 1929 2165; x_wconf 86' lang='lat' dir='ltr'><strong>forte</strong></span> <span class='ocrx_word' id='word_1_117' title='bbox 1942 2117 2023 2197; x_wconf 87' lang='lat' dir='ltr'><strong>spe-</strong></span> 
     </span>
     <span class='ocr_line' id='line_1_15' title="bbox 621 2199 2022 2305; baseline 0.013 -31"><span class='ocrx_word' id='word_1_118' title='bbox 621 2201 678 2281; x_wconf 89' lang='lat' dir='ltr'><strong>cie</strong></span> <span class='ocrx_word' id='word_1_119' title='bbox 697 2201 911 2277; x_wconf 76' lang='lat' dir='ltr'><strong>concordiae</strong></span> <span class='ocrx_word' id='word_1_120' title='bbox 928 2217 967 2275; x_wconf 89' lang='lat' dir='ltr'><strong>et</strong></span> <span class='ocrx_word' id='word_1_121' title='bbox 990 2201 1114 2305; x_wconf 87' lang='lat' dir='ltr'><strong>pacis,</strong></span> <span class='ocrx_word' id='word_1_122' title='bbox 1141 2225 1227 2301; x_wconf 88' lang='lat' dir='ltr'><strong>quae</strong></span> <span class='ocrx_word' id='word_1_123' title='bbox 1247 2199 1377 2274; x_wconf 88' lang='lat' dir='ltr'><strong>sceleri</strong></span> <span class='ocrx_word' id='word_1_124' title='bbox 1402 2215 1440 2276; x_wconf 91' lang='lat' dir='ltr'><strong>et</strong></span> <span class='ocrx_word' id='word_1_125' title='bbox 1458 2201 1665 2304; x_wconf 85' lang='lat' dir='ltr'><strong>parricidio</strong></span> <span class='ocrx_word' id='word_1_126' title='bbox 1683 2227 1752 2279; x_wconf 87' lang='lat' dir='ltr'><strong>suo</strong></span> <span class='ocrx_word' id='word_1_127' title='bbox 1777 2211 1935 2288; x_wconf 87' lang='lat' dir='ltr'><strong>nomina</strong></span> <span class='ocrx_word' id='word_1_128' title='bbox 1962 2219 2022 2292; x_wconf 92' lang='lat' dir='ltr'><strong>in-</strong></span> 
     </span>
     <span class='ocr_line' id='line_1_16' title="bbox 620 2321 2021 2428; baseline 0.01 -32"><span class='ocrx_word' id='word_1_129' title='bbox 620 2321 728 2398; x_wconf 83' lang='lat' dir='ltr'><strong>didit</strong></span> <span class='ocrx_word' id='word_1_130' title='bbox 765 2325 896 2428; x_wconf 81' lang='lat' dir='ltr'><strong>Neque</strong></span> <span class='ocrx_word' id='word_1_131' title='bbox 920 2321 1031 2396; x_wconf 84' lang='lat' dir='ltr'><strong>aliter</strong></span> <span class='ocrx_word' id='word_1_132' title='bbox 1057 2321 1334 2425; x_wconf 86' lang='lat' dir='ltr'><strong>rempublicam</strong></span> <span class='ocrx_word' id='word_1_133' title='bbox 1354 2337 1392 2397; x_wconf 89' lang='lat' dir='ltr'><strong>et</strong></span> <span class='ocrx_word' id='word_1_134' title='bbox 1416 2323 1507 2398; x_wconf 89' lang='lat' dir='ltr'><strong>belli</strong></span> <span class='ocrx_word' id='word_1_135' title='bbox 1535 2323 1651 2400; x_wconf 78' lang='lat' dir='ltr'><strong>{inem</strong></span> <span class='ocrx_word' id='word_1_136' title='bbox 1673 2325 1745 2418; x_wconf 86' lang='lat' dir='ltr'><strong>ait,</strong></span> <span class='ocrx_word' id='word_1_137' title='bbox 1770 2330 1843 2406; x_wconf 90' lang='lat' dir='ltr'><strong>nisi</strong></span> <span class='ocrx_word' id='word_1_138' title='bbox 1869 2360 2021 2416; x_wconf 82' lang='lat' dir='ltr'><strong>maneat</strong></span> 
     </span>
     <span class='ocr_line' id='line_1_17' title="bbox 618 2444 2021 2565; baseline 0.011 -46"><span class='ocrx_word' id='word_1_139' title='bbox 618 2445 775 2548; x_wconf 84' lang='lat' dir='ltr'><strong>expulsa</strong></span> <span class='ocrx_word' id='word_1_140' title='bbox 795 2445 893 2548; x_wconf 86' lang='lat' dir='ltr'><strong>agris</strong></span> <span class='ocrx_word' id='word_1_141' title='bbox 915 2444 1057 2549; x_wconf 84' lang='lat' dir='ltr'><strong>plebes,</strong></span> <span class='ocrx_word' id='word_1_142' title='bbox 1084 2444 1212 2548; x_wconf 83' lang='lat' dir='ltr'><strong>praeda</strong></span> <span class='ocrx_word' id='word_1_143' title='bbox 1232 2444 1352 2519; x_wconf 87' lang='lat' dir='ltr'><strong>civilis</strong></span> <span class='ocrx_word' id='word_1_144' title='bbox 1374 2445 1643 2537; x_wconf 86' lang='lat' dir='ltr'><strong>acerbissuma,</strong></span> <span class='ocrx_word' id='word_1_145' title='bbox 1677 2449 1735 2524; x_wconf 88' lang='lat' dir='ltr'><strong>ius</strong></span> <span class='ocrx_word' id='word_1_146' title='bbox 1759 2451 2021 2565; x_wconf 84' lang='lat' dir='ltr'><strong>iudiciumque</strong></span> 
     </span>
     <span class='ocr_line' id='line_1_18' title="bbox 620 2567 2021 2675; baseline 0.006 -35"><span class='ocrx_word' id='word_1_147' title='bbox 620 2567 795 2644; x_wconf 90' lang='lat' dir='ltr'><strong>omnium</strong></span> <span class='ocrx_word' id='word_1_148' title='bbox 815 2593 944 2642; x_wconf 91' lang='lat' dir='ltr'><strong>rerum</strong></span> <span class='ocrx_word' id='word_1_149' title='bbox 969 2591 1083 2671; x_wconf 88' lang='lat' dir='ltr'><strong>penes</strong></span> <span class='ocrx_word' id='word_1_150' title='bbox 1108 2591 1163 2658; x_wconf 86' lang='lat' dir='ltr'><strong>se,</strong></span> <span class='ocrx_word' id='word_1_151' title='bbox 1189 2567 1294 2670; x_wconf 85' lang='lat' dir='ltr'><strong>quod</strong></span> <span class='ocrx_word' id='word_1_152' title='bbox 1318 2568 1453 2672; x_wconf 92' lang='lat' dir='ltr'><strong>populi</strong></span> <span class='ocrx_word' id='word_1_153' title='bbox 1467 2569 1629 2645; x_wconf 88' lang='lat' dir='ltr'><strong>Romani</strong></span> <span class='ocrx_word' id='word_1_154' title='bbox 1651 2571 1736 2648; x_wconf 77' lang='lat' dir='ltr'><strong>fui:</strong></span> <span class='ocrx_word' id='word_1_155' title='bbox 1777 2577 1890 2675; x_wconf 83' lang='lat' dir='ltr'><strong>Quae,</strong></span> <span class='ocrx_word' id='word_1_156' title='bbox 1914 2585 1945 2659; x_wconf 85' lang='lat' dir='ltr'><strong>si</strong></span> <span class='ocrx_word' id='word_1_157' title='bbox 1958 2611 2021 2661; x_wconf 83' lang='lat' dir='ltr'><strong>v0.</strong></span> 
     </span>
     <span class='ocr_line' id='line_1_19' title="bbox 617 2689 2020 2812; baseline 0.004 -48"><span class='ocrx_word' id='word_1_158' title='bbox 617 2690 674 2765; x_wconf 89' lang='lat' dir='ltr'><strong>bis</strong></span> <span class='ocrx_word' id='word_1_159' title='bbox 704 2717 779 2794; x_wconf 87' lang='lat' dir='ltr'><strong>pax</strong></span> <span class='ocrx_word' id='word_1_160' title='bbox 805 2707 846 2766; x_wconf 89' lang='lat' dir='ltr'><strong>et</strong></span> <span class='ocrx_word' id='word_1_161' title='bbox 869 2690 1072 2766; x_wconf 81' lang='lat' dir='ltr'><strong>concordia</strong></span> <span class='ocrx_word' id='word_1_162' title='bbox 1101 2689 1400 2795; x_wconf 88' lang='lat' dir='ltr'><strong>intelleguntur,</strong></span> <span class='ocrx_word' id='word_1_163' title='bbox 1424 2718 1604 2768; x_wconf 82' lang='lat' dir='ltr'><strong>maxuma</strong></span> <span class='ocrx_word' id='word_1_164' title='bbox 1621 2696 1865 2778; x_wconf 82' lang='lat' dir='ltr'><strong>turhamenta</strong></span> <span class='ocrx_word' id='word_1_165' title='bbox 1893 2707 2020 2812; x_wconf 82' lang='lat' dir='ltr'><strong>reipu.</strong></span> 
     </span>
     <span class='ocr_line' id='line_1_20' title="bbox 617 2812 2019 2934; baseline 0.012 -48"><span class='ocrx_word' id='word_1_166' title='bbox 617 2813 729 2888; x_wconf 86' lang='lat' dir='ltr'><strong>blica:</strong></span> <span class='ocrx_word' id='word_1_167' title='bbox 752 2829 868 2916; x_wconf 88' lang='lat' dir='ltr'><strong>atque</strong></span> <span class='ocrx_word' id='word_1_168' title='bbox 895 2813 1009 2888; x_wconf 82' lang='lat' dir='ltr'><strong>exitia</strong></span> <span class='ocrx_word' id='word_1_169' title='bbox 1036 2813 1217 2916; x_wconf 87' lang='lat' dir='ltr'><strong>probate:</strong></span> <span class='ocrx_word' id='word_1_170' title='bbox 1251 2812 1413 2887; x_wconf 82' lang='lat' dir='ltr'><strong>annuite</strong></span> <span class='ocrx_word' id='word_1_171' title='bbox 1443 2813 1587 2918; x_wconf 88' lang='lat' dir='ltr'><strong>legibus</strong></span> <span class='ocrx_word' id='word_1_172' title='bbox 1619 2815 1825 2920; x_wconf 81' lang='lat' dir='ltr'><strong>impositis:</strong></span> <span class='ocrx_word' id='word_1_173' title='bbox 1858 2830 2019 2934; x_wconf 71' lang='lat' dir='ltr'><strong>accipite</strong></span> 
     </span>
     <span class='ocr_line' id='line_1_21' title="bbox 618 2934 2018 3055; baseline 0.009 -45"><span class='ocrx_word' id='word_1_174' title='bbox 618 2937 742 3012; x_wconf 92' lang='lat' dir='ltr'><strong>otium</strong></span> <span class='ocrx_word' id='word_1_175' title='bbox 765 2961 854 3011; x_wconf 91' lang='lat' dir='ltr'><strong>cum</strong></span> <span class='ocrx_word' id='word_1_176' title='bbox 885 2936 1064 3010; x_wconf 85' lang='lat' dir='ltr'><strong>servitio:</strong></span> <span class='ocrx_word' id='word_1_177' title='bbox 1092 2952 1131 3011; x_wconf 90' lang='lat' dir='ltr'><strong>et</strong></span> <span class='ocrx_word' id='word_1_178' title='bbox 1157 2934 1294 3010; x_wconf 87' lang='lat' dir='ltr'><strong>tradite</strong></span> <span class='ocrx_word' id='word_1_179' title='bbox 1317 2935 1534 3039; x_wconf 80' lang='lat' dir='ltr'><strong>exemplum</strong></span> <span class='ocrx_word' id='word_1_180' title='bbox 1564 2942 1720 3041; x_wconf 87' lang='lat' dir='ltr'><strong>posteris</strong></span> <span class='ocrx_word' id='word_1_181' title='bbox 1751 2943 1800 3018; x_wconf 90' lang='lat' dir='ltr'><strong>ad</strong></span> <span class='ocrx_word' id='word_1_182' title='bbox 1827 2953 2018 3055; x_wconf 76' lang='lat' dir='ltr'><strong>populum</strong></span> 
     </span>
     <span class='ocr_line' id='line_1_22' title="bbox 616 3056 2017 3161; baseline 0.01 -29"><span class='ocrx_word' id='word_1_183' title='bbox 616 3059 834 3132; x_wconf 83' lang='lat' dir='ltr'><strong>Romanum</strong></span> <span class='ocrx_word' id='word_1_184' title='bbox 866 3059 1005 3134; x_wconf 88' lang='lat' dir='ltr'><strong>suimet</strong></span> <span class='ocrx_word' id='word_1_185' title='bbox 1035 3056 1230 3161; x_wconf 80' lang='lat' dir='ltr'><strong>sanguinis</strong></span> <span class='ocrx_word' id='word_1_186' title='bbox 1270 3057 1441 3132; x_wconf 87' lang='lat' dir='ltr'><strong>mercede</strong></span> <span class='ocrx_word' id='word_1_187' title='bbox 1475 3059 1870 3146; x_wconf 89' lang='lat' dir='ltr'><strong>circumveniundum</strong></span> <span class='ocrx_word' id='word_1_188' title='bbox 1918 3077 2017 3154; x_wconf 87' lang='lat' dir='ltr'><strong>Mihi</strong></span> 
     </span>
     <span class='ocr_line' id='line_1_23' title="bbox 617 3177 2017 3290; baseline 0.013 -35"><span class='ocrx_word' id='word_1_189' title='bbox 617 3207 853 3282; x_wconf 87' lang='lat' dir='ltr'><strong>quamquam</strong></span> <span class='ocrx_word' id='word_1_190' title='bbox 873 3207 943 3284; x_wconf 90' lang='lat' dir='ltr'><strong>per</strong></span> <span class='ocrx_word' id='word_1_191' title='bbox 963 3177 1039 3255; x_wconf 84' lang='lat' dir='ltr'><strong>hoo</strong></span> <span class='ocrx_word' id='word_1_192' title='bbox 1058 3205 1255 3255; x_wconf 91' lang='lat' dir='ltr'><strong>summum</strong></span> <span class='ocrx_word' id='word_1_193' title='bbox 1277 3179 1484 3284; x_wconf 90' lang='lat' dir='ltr'><strong>imperium</strong></span> <span class='ocrx_word' id='word_1_194' title='bbox 1504 3184 1591 3258; x_wconf 88' lang='lat' dir='ltr'><strong>satis</strong></span> <span class='ocrx_word' id='word_1_195' title='bbox 1615 3187 1817 3290; x_wconf 68' lang='lat' dir='ltr'><strong>quaesitum</strong></span> <span class='ocrx_word' id='word_1_196' title='bbox 1840 3215 1922 3272; x_wconf 87' lang='lat' dir='ltr'><strong>erat</strong></span> <span class='ocrx_word' id='word_1_197' title='bbox 1948 3229 2017 3278; x_wconf 89' lang='lat' dir='ltr'><strong>no-</strong></span> 
     </span>
     <span class='ocr_line' id='line_1_24' title="bbox 616 3302 2017 3408; baseline 0.019 -31"><span class='ocrx_word' id='word_1_198' title='bbox 616 3304 714 3378; x_wconf 88' lang='lat' dir='ltr'><strong>mini</strong></span> <span class='ocrx_word' id='word_1_199' title='bbox 732 3304 942 3393; x_wconf 86' lang='lat' dir='ltr'><strong>maiorum,</strong></span> <span class='ocrx_word' id='word_1_200' title='bbox 967 3304 1161 3408; x_wconf 80' lang='lat' dir='ltr'><strong>dignitati,</strong></span> <span class='ocrx_word' id='word_1_201' title='bbox 1189 3319 1306 3408; x_wconf 81' lang='lat' dir='ltr'><strong>atque</strong></span> <span class='ocrx_word' id='word_1_202' title='bbox 1327 3302 1444 3379; x_wconf 90' lang='lat' dir='ltr'><strong>etiam</strong></span> <span class='ocrx_word' id='word_1_203' title='bbox 1469 3307 1662 3408; x_wconf 86' lang='lat' dir='ltr'><strong>proesidio;</strong></span> <span class='ocrx_word' id='word_1_204' title='bbox 1688 3327 1815 3392; x_wconf 86' lang='lat' dir='ltr'><strong>tamen</strong></span> <span class='ocrx_word' id='word_1_205' title='bbox 1837 3324 2017 3403; x_wconf 83' lang='lat' dir='ltr'><strong>nonfuit</strong></span> 
     </span>
     <span class='ocr_line' id='line_1_25' title="bbox 616 3424 2016 3538; baseline 0.019 -40"><span class='ocrx_word' id='word_1_206' title='bbox 616 3425 819 3500; x_wconf 85' lang='lat' dir='ltr'><strong>consilium</strong></span> <span class='ocrx_word' id='word_1_207' title='bbox 841 3424 1005 3528; x_wconf 80' lang='lat' dir='ltr'><strong>privatas</strong></span> <span class='ocrx_word' id='word_1_208' title='bbox 1019 3451 1110 3530; x_wconf 81' lang='lat' dir='ltr'><strong>opes</strong></span> <span class='ocrx_word' id='word_1_209' title='bbox 1124 3426 1266 3518; x_wconf 77' lang='lat' dir='ltr'><strong>faeere:</strong></span> <span class='ocrx_word' id='word_1_210' title='bbox 1289 3425 1492 3530; x_wconf 87' lang='lat' dir='ltr'><strong>potiorque</strong></span> <span class='ocrx_word' id='word_1_211' title='bbox 1510 3430 1586 3506; x_wconf 87' lang='lat' dir='ltr'><strong>visa</strong></span> <span class='ocrx_word' id='word_1_212' title='bbox 1606 3449 1661 3507; x_wconf 86' lang='lat' dir='ltr'><strong>est</strong></span> <span class='ocrx_word' id='word_1_213' title='bbox 1680 3437 1891 3538; x_wconf 86' lang='lat' dir='ltr'><strong>periculosa</strong></span> <span class='ocrx_word' id='word_1_214' title='bbox 1902 3445 2016 3524; x_wconf 84' lang='lat' dir='ltr'><strong>liber-</strong></span> 
     </span>
     <span class='ocr_line' id='line_1_26' title="bbox 616 3545 2013 3653; baseline 0.012 -32"><span class='ocrx_word' id='word_1_215' title='bbox 616 3563 672 3621; x_wconf 87' lang='lat' dir='ltr'><strong>tas</strong></span> <span class='ocrx_word' id='word_1_216' title='bbox 692 3545 823 3649; x_wconf 82' lang='lat' dir='ltr'><strong>quieto</strong></span> <span class='ocrx_word' id='word_1_217' title='bbox 840 3548 1000 3624; x_wconf 79' lang='lat' dir='ltr'><strong>servitio.</strong></span> <span class='ocrx_word' id='word_1_218' title='bbox 1042 3549 1139 3646; x_wconf 85' lang='lat' dir='ltr'><strong>Quae</strong></span> <span class='ocrx_word' id='word_1_219' title='bbox 1155 3550 1186 3624; x_wconf 85' lang='lat' dir='ltr'><strong>si</strong></span> <span class='ocrx_word' id='word_1_220' title='bbox 1201 3549 1392 3653; x_wconf 85' lang='lat' dir='ltr'><strong>probatis,</strong></span> <span class='ocrx_word' id='word_1_221' title='bbox 1420 3550 1546 3629; x_wconf 84' lang='lat' dir='ltr'><strong>adeste</strong></span> <span class='ocrx_word' id='word_1_222' title='bbox 1568 3553 1759 3653; x_wconf 81' lang='lat' dir='ltr'><strong>Quirites,</strong></span> <span class='ocrx_word' id='word_1_223' title='bbox 1783 3580 1821 3639; x_wconf 90' lang='lat' dir='ltr'><strong>et</strong></span> <span class='ocrx_word' id='word_1_224' title='bbox 1835 3565 1933 3645; x_wconf 89' lang='lat' dir='ltr'><strong>bene</strong></span> <span class='ocrx_word' id='word_1_225' title='bbox 1956 3577 2013 3652; x_wconf 83' lang='lat' dir='ltr'><strong>iu.</strong></span> 
     </span>
    </p>
   </div>
   <div class='ocr_carea' id='block_1_3' title="bbox 613 3745 2011 3956">
    <p class='ocr_par' dir='ltr' id='par_1_3' title="bbox 613 3745 2011 3956">
     <span class='ocr_line' id='line_1_27' title="bbox 613 3745 2011 3843; baseline 0.024 -38"><span class='ocrx_word' id='word_1_226' title='bbox 613 3745 669 3806; x_wconf 85' lang='lat' dir='ltr'><strong>hri.</strong></span> <span class='ocrx_word' id='word_1_227' title='bbox 681 3747 734 3807; x_wconf 81' lang='lat' dir='ltr'><strong>alii</strong></span> <span class='ocrx_word' id='word_1_228' title='bbox 745 3755 865 3828; x_wconf 74' lang='lat' dir='ltr'><strong>capnon</strong></span> <span class='ocrx_word' id='word_1_229' title='bbox 883 3751 930 3810; x_wconf 82' lang='lat' dir='ltr'><strong>vel</strong></span> <span class='ocrx_word' id='word_1_230' title='bbox 947 3756 1057 3808; x_wconf 78' lang='lat' dir='ltr'><strong>ratum.</strong></span> <span class='ocrx_word' id='word_1_231' title='bbox 1075 3769 1163 3830; x_wconf 79' lang='lat' dir='ltr'><strong>quam</strong></span> <span class='ocrx_word' id='word_1_232' title='bbox 1174 3751 1286 3813; x_wconf 78' lang='lat' dir='ltr'><strong>audem</strong></span> <span class='ocrx_word' id='word_1_233' title='bbox 1304 3751 1398 3816; x_wconf 79' lang='lat' dir='ltr'><strong>Vatis.</strong></span> <span class='ocrx_word' id='word_1_234' title='bbox 1416 3751 1569 3834; x_wconf 61' lang='lat' dir='ltr'><strong>tattoque</strong></span> <span class='ocrx_word' id='word_1_235' title='bbox 1578 3756 1806 3843; x_wconf 57' lang='lat' dir='ltr'><strong>vet‘Sffltoqu:</strong></span> <span class='ocrx_word' id='word_1_236' title='bbox 1822 3763 2011 3839; x_wconf 65' lang='lat' dir='ltr'><strong>veteratis.</strong></span> 
     </span>
     <span class='ocr_line' id='line_1_28' title="bbox 613 3848 2009 3956; baseline 0.025 -47"><span class='ocrx_word' id='word_1_237' title='bbox 613 3848 688 3912; x_wconf 72' lang='lat' dir='ltr'><strong>aaa.</strong></span> <span class='ocrx_word' id='word_1_238' title='bbox 707 3861 789 3916; x_wconf 73' lang='lat' dir='ltr'><strong>:stru</strong></span> <span class='ocrx_word' id='word_1_239' title='bbox 803 3851 906 3913; x_wconf 82' lang='lat' dir='ltr'><strong>aditio.</strong></span> <span class='ocrx_word' id='word_1_240' title='bbox 925 3850 996 3931; x_wconf 76' lang='lat' dir='ltr'><strong>qm&#39;a</strong></span> <span class='ocrx_word' id='word_1_241' title='bbox 1012 3854 1229 3916; x_wconf 72' lang='lat' dir='ltr'><strong>res-obtentui</strong></span> <span class='ocrx_word' id='word_1_242' title='bbox 1242 3854 1388 3937; x_wconf 69' lang='lat' dir='ltr'><strong>Porphyr.</strong></span> <span class='ocrx_word' id='word_1_243' title='bbox 1403 3857 1554 3926; x_wconf 76' lang='lat' dir='ltr'><strong>adflarat,</strong></span> <span class='ocrx_word' id='word_1_244' title='bbox 1569 3861 1652 3956; x_wconf 51' lang='lat' dir='ltr'><strong>Epo</strong></span> <span class='ocrx_word' id='word_1_245' title='bbox 1662 3905 1673 3938; x_wconf 88' lang='lat'>,</span> <span class='ocrx_word' id='word_1_246' title='bbox 1691 3866 1744 3941; x_wconf 84' lang='lat'><strong>18,</strong></span> <span class='ocrx_word' id='word_1_247' title='bbox 1762 3888 1810 3950; x_wconf 81' lang='lat'><strong>²9·</strong></span> <span class='ocrx_word' id='word_1_248' title='bbox 1831 3873 1884 3934; x_wconf 76' lang='lat' dir='ltr'><strong>cfr.</strong></span> <span class='ocrx_word' id='word_1_249' title='bbox 1910 3877 2009 3944; x_wconf 76' lang='lat' dir='ltr'><strong>Seuer.</strong></span> 
     </span>
    </p>
   </div>
   <div class='ocr_carea' id='block_1_4' title="bbox 609 3952 2009 4358">
    <p class='ocr_par' dir='ltr' id='par_1_4' title="bbox 609 3952 2009 4358">
     <span class='ocr_line' id='line_1_29' title="bbox 614 3952 2009 4056; baseline 0.019 -44"><span class='ocrx_word' id='word_1_250' title='bbox 614 3952 755 4020; x_wconf 67' lang='lat' dir='ltr'><strong>Contrua.</strong></span> <span class='ocrx_word' id='word_1_251' title='bbox 772 3956 811 4029; x_wconf 68' lang='lat' dir='ltr'><strong>s,</strong></span> <span class='ocrx_word' id='word_1_252' title='bbox 822 3957 870 4018; x_wconf 77' lang='lat'><strong>25.</strong></span> <span class='ocrx_word' id='word_1_253' title='bbox 892 3956 994 4035; x_wconf 62' lang='lat' dir='ltr'><strong>quius</strong></span> <span class='ocrx_word' id='word_1_254' title='bbox 1008 3956 1179 4036; x_wconf 57' lang='lat' dir='ltr'><strong>labefacta,</strong></span> <span class='ocrx_word' id='word_1_255' title='bbox 1192 3977 1281 4038; x_wconf 70' lang='lat' dir='ltr'><strong>pamm</strong></span> <span class='ocrx_word' id='word_1_256' title='bbox 1290 3961 1480 4038; x_wconf 65' lang='lat' dir='ltr'><strong>firnddenu</strong></span> <span class='ocrx_word' id='word_1_257' title='bbox 1493 3973 1535 4026; x_wconf 76' lang='lat' dir='ltr'><strong>est</strong></span> <span class='ocrx_word' id='word_1_258' title='bbox 1553 3965 1594 4025; x_wconf 89' lang='lat' dir='ltr'><strong>ita</strong></span> <span class='ocrx_word' id='word_1_259' title='bbox 1610 3977 1718 4030; x_wconf 72' lang='lat' dir='ltr'><strong>retem</strong></span> <span class='ocrx_word' id='word_1_260' title='bbox 1729 3971 1809 4034; x_wconf 81' lang='lat' dir='ltr'><strong>libri.</strong></span> <span class='ocrx_word' id='word_1_261' title='bbox 1828 3975 2009 4056; x_wconf 59' lang='lat' dir='ltr'><strong>labefactatis</strong></span> 
     </span>
     <span class='ocr_line' id='line_1_30' title="bbox 612 4059 2007 4164; baseline 0.022 -49"><span class='ocrx_word' id='word_1_262' title='bbox 612 4066 642 4117; x_wconf 86' lang='lat' dir='ltr'><strong>et</strong></span> <span class='ocrx_word' id='word_1_263' title='bbox 656 4061 849 4137; x_wconf 69' lang='lat' dir='ltr'><strong>mousom.</strong></span> <span class='ocrx_word' id='word_1_264' title='bbox 868 4059 960 4122; x_wconf 72' lang='lat' dir='ltr'><strong>Editt.</strong></span> <span class='ocrx_word' id='word_1_265' title='bbox 980 4079 1070 4140; x_wconf 76' lang='lat' dir='ltr'><strong>neque</strong></span> <span class='ocrx_word' id='word_1_266' title='bbox 1085 4061 1212 4124; x_wconf 67' lang='lat' dir='ltr'><strong>atter.</strong></span> <span class='ocrx_word' id='word_1_267' title='bbox 1221 4085 1254 4145; x_wconf 88' lang='lat' dir='ltr'><strong>p.</strong></span> <span class='ocrx_word' id='word_1_268' title='bbox 1273 4074 1302 4128; x_wconf 79' lang='lat' dir='ltr'><strong>tt</strong></span> <span class='ocrx_word' id='word_1_269' title='bbox 1316 4065 1487 4145; x_wconf 72' lang='lat' dir='ltr'><strong>bellifinsm</strong></span> <span class='ocrx_word' id='word_1_270' title='bbox 1498 4069 1543 4130; x_wconf 66' lang='grc' dir='ltr'><strong>σᾶ</strong></span> <span class='ocrx_word' id='word_1_271' title='bbox 1561 4071 1647 4134; x_wconf 78' lang='lat' dir='ltr'><strong>Febr.</strong></span> <span class='ocrx_word' id='word_1_272' title='bbox 1665 4073 1740 4136; x_wconf 85' lang='lat' dir='ltr'><strong>Bric.</strong></span> <span class='ocrx_word' id='word_1_273' title='bbox 1761 4097 1852 4160; x_wconf 82' lang='lat' dir='ltr'><strong>remp.</strong></span> <span class='ocrx_word' id='word_1_274' title='bbox 1867 4092 1896 4142; x_wconf 83' lang='lat' dir='ltr'><strong>et</strong></span> <span class='ocrx_word' id='word_1_275' title='bbox 1916 4085 2007 4164; x_wconf 63' lang='grc' dir='ltr'><strong><em>Μῖνι.</em></strong></span> 
     </span>
     <span class='ocr_line' id='line_1_31' title="bbox 611 4161 2004 4268; baseline 0.019 -48"><span class='ocrx_word' id='word_1_276' title='bbox 611 4161 709 4222; x_wconf 74' lang='lat' dir='ltr'><strong>vatic.</strong></span> <span class='ocrx_word' id='word_1_277' title='bbox 727 4165 835 4243; x_wconf 82' lang='lat' dir='ltr'><strong>populo</strong></span> <span class='ocrx_word' id='word_1_278' title='bbox 854 4185 979 4228; x_wconf 83' lang='lat' dir='ltr'><strong>romano</strong></span> <span class='ocrx_word' id='word_1_279' title='bbox 994 4185 1052 4228; x_wconf 78' lang='lat' dir='ltr'><strong>este</strong></span> <span class='ocrx_word' id='word_1_280' title='bbox 1069 4165 1158 4228; x_wconf 72' lang='lat' dir='ltr'><strong>Mitt</strong></span> <span class='ocrx_word' id='word_1_281' title='bbox 1166 4183 1270 4248; x_wconf 66' lang='lat' dir='ltr'><strong>paean</strong></span> <span class='ocrx_word' id='word_1_282' title='bbox 1289 4170 1364 4233; x_wconf 82' lang='lat' dir='ltr'><strong>liber</strong></span> <span class='ocrx_word' id='word_1_283' title='bbox 1377 4193 1465 4254; x_wconf 77' lang='lat' dir='ltr'><strong>quem</strong></span> <span class='ocrx_word' id='word_1_284' title='bbox 1479 4173 1594 4241; x_wconf 83' lang='lat' dir='ltr'><strong>Pntseh.</strong></span> <span class='ocrx_word' id='word_1_285' title='bbox 1613 4178 1724 4244; x_wconf 76' lang='lat' dir='ltr'><strong>laudat.</strong></span> <span class='ocrx_word' id='word_1_286' title='bbox 1742 4183 1784 4242; x_wconf 80' lang='lat' dir='ltr'><strong>ud</strong></span> <span class='ocrx_word' id='word_1_287' title='bbox 1797 4189 2004 4268; x_wconf 66' lang='lat' dir='ltr'><strong>nnpubhbam</strong></span> 
     </span>
     <span class='ocr_line' id='line_1_32' title="bbox 609 4260 1679 4358; baseline 0.016 -32"><span class='ocrx_word' id='word_1_288' title='bbox 609 4260 714 4327; x_wconf 66' lang='lat' dir='ltr'><strong>:zama</strong></span> <span class='ocrx_word' id='word_1_289' title='bbox 737 4277 797 4330; x_wconf 60' lang='lat' dir='ltr'><strong>stes</strong></span> <span class='ocrx_word' id='word_1_290' title='bbox 813 4270 853 4330; x_wconf 71' lang='lat' dir='ltr'><strong>in</strong></span> <span class='ocrx_word' id='word_1_291' title='bbox 870 4269 1018 4334; x_wconf 71' lang='grc' dir='ltr'><strong>ὒιῐῐίοιιίι</strong></span> <span class='ocrx_word' id='word_1_292' title='bbox 1035 4269 1104 4333; x_wconf 78' lang='lat' dir='ltr'><strong>libri</strong></span> <span class='ocrx_word' id='word_1_293' title='bbox 1122 4275 1216 4358; x_wconf 76' lang='lat' dir='ltr'><strong>legar:</strong></span> <span class='ocrx_word' id='word_1_294' title='bbox 1236 4275 1381 4342; x_wconf 75' lang='lat' dir='ltr'><strong>ridentur.</strong></span> <span class='ocrx_word' id='word_1_295' title='bbox 1401 4298 1469 4358; x_wconf 80' lang='lat' dir='ltr'><strong>pop.</strong></span> <span class='ocrx_word' id='word_1_296' title='bbox 1482 4300 1561 4340; x_wconf 81' lang='lat' dir='ltr'><strong>rom.</strong></span> <span class='ocrx_word' id='word_1_297' title='bbox 1579 4283 1679 4343; x_wconf 81' lang='lat' dir='ltr'><strong>ceteri.</strong></span> 
     </span>
    </p>
   </div>
   <div class='ocr_carea' id='block_1_5' title="bbox 0 0 2290 5316">
    <p class='ocr_par' dir='ltr' id='par_1_5' title="bbox 0 0 2290 5316">
     <span class='ocr_line' id='line_1_33' title="bbox 0 0 2290 5316; baseline 0 7"><span class='ocrx_word' id='word_1_298' title='bbox 0 0 2290 5316; x_wconf 95' lang='lat' dir='ltr'><strong> </strong></span> 
     </span>
    </p>
   </div>
  </div>
 </body>
</html>
