4560 5338
548 343 639 438 ⁸20

592 540 689 616 lius:
709 538 764 615 ⁴ad
781 535 856 612 boc
877 533 991 612 multi
1013 561 1058 610 ex
1080 531 1237 609 coloniis
1258 548 1296 608 et
1316 531 1554 634 municipiis,
1569 529 1673 604 domi
1689 527 1843 604 nobiles.
1869 533 1996 606 Erant

591 681 773 770 praeterea
798 660 1011 763 complures
1044 658 1177 763 paullo
1208 657 1394 732 occultius
1420 653 1569 731 consilii
1603 652 1763 728 huiusce
1785 655 1996 760 participes

593 786 770 876 nobiles,
785 809 879 888 quos
896 783 1014 886 magis
1036 780 1308 856 dominationis
1329 805 1411 884 spes
1431 777 1675 868 hortabatur,
1700 804 1818 879 quam
1840 777 1994 881 inopia,

567 949 569 952 ·
594 925 663 984 aut
679 908 754 984 alia
772 906 1015 983 necessitudo.
1042 908 1217 980 Ceterum
1238 904 1414 979 iuventus
1433 903 1630 1007 pleraque,
1646 901 1711 976 sed
1731 929 1908 978 maxume
1923 931 1995 978 no-

593 1031 752 1122 bilium,
780 1031 953 1108 Catilinae
986 1028 1145 1131 inceptis
1175 1027 1325 1102 favebat
1338 1031 1365 1120 3'
1381 1027 1521 1129 quibus
1548 1027 1589 1100 in
1612 1027 1689 1100 otio
1709 1027 1769 1100 vel
1791 1027 1993 1132 magnifice

593 1156 654 1231 vel
676 1155 845 1230 molliter
863 1155 986 1230 vivere
1011 1151 1120 1254 copia
1149 1167 1247 1242 erat,
1282 1151 1426 1225 incerta
1453 1179 1524 1254 pro
1551 1150 1677 1237 certis,
1700 1147 1847 1224 bellum
1875 1177 1994 1254 quam

593 1305 746 1382 paoem,
771 1277 973 1352 malebant
1014 1277 1135 1348 Fuere
1158 1274 1250 1349 item
1277 1301 1320 1348 ca
1349 1291 1585 1377 tempestate,
1618 1272 1685 1375 qui
1710 1272 1922 1364 crederent,
1943 1276 1993 1350 M.

595 1400 789 1476 Licinium
802 1403 976 1475 Crassum
993 1424 1074 1472 non
1091 1394 1267 1500 ignarum
1281 1397 1360 1471 eius
1377 1397 1526 1472 consilii
1542 1396 1672 1488 fuisse3
1697 1396 1788 1498 quia
1805 1398 1871 1472 Cn.
1885 1399 1994 1472 Pom-

593 1525 725 1629 peius,
751 1524 892 1599 inrisus
915 1521 1005 1625 ipsi,
1031 1547 1214 1624 magnum
1244 1521 1452 1594 exercitum
1475 1519 1675 1609 ductabat,
1705 1519 1868 1600 cuiusvis
1906 1547 1992 1623 opes

593 1649 754 1724 voluisse
768 1663 901 1720 contra
924 1644 1028 1716 illius
1048 1641 1261 1744 potentiam
1279 1667 1462 1735 crescere3
1485 1640 1598 1714 simul
1620 1639 1827 1731 confisum,
1853 1642 1884 1716 si
1904 1671 1994 1718 con-

553 1771 738 1848 rtiuratio
757 1768 953 1856 valuisset,
979 1765 1090 1839 facile
1119 1765 1224 1866 apud
1250 1762 1333 1838 illos
1353 1764 1568 1868 principem
1587 1789 1625 1838 se
1647 1763 1736 1840 lore.
1787 1764 1859 1841 Sed
1882 1771 1993 1842 antea

596 1894 689 1971 item
709 1891 955 1966 coniuravere
978 1887 1093 1991 pauci
1113 1902 1247 1961 contra
1278 1887 1571 1989 rempublicam,
1596 1887 1638 1962 in
1661 1888 1802 1989 quibus
1829 1889 1995 1964 Catilina

596 2017 694 2107 fuit3
717 2017 765 2090 de
785 2035 1000 2116 quaquam
1021 2009 1223 2086 verissume
1242 2027 1375 2114 potero
1398 2011 1534 2086 dicam.
1567 2011 1757 2103 trullo,
1782 2013 1831 2086 M
1851 2013 1995 2116 Lepido

598 2137 847 2228 Consulibus,
875 2139 913 2209 P.
926 2133 1135 2210 Autronius
1160 2151 1198 2208 et
1226 2138 1264 2209 P.
1283 2134 1409 2236 Sulla,
1431 2135 1615 2240 designati
1641 2135 1993 2242 consules,legibus

597 2263 763 2338 ambitus
782 2257 1003 2364 interrogati
1024 2280 1157 2360 poenas
1179 2256 1372 2332 dederant.
1413 2261 1499 2333 Post
1518 2258 1652 2362 paullo
1674 2259 1856 2350 Catilina,
1882 2287 1996 2362 pecu-

598 2386 754 2461 niarum
777 2381 1077 2488 repetundarum
1099 2405 1202 2470 reus,
1233 2380 1451 2484 prohibitus
1477 2399 1560 2457 erat
1585 2383 1827 2458 consulatum
1849 2400 1995 2485 petere,

598 2508 704 2611 quod
731 2509 832 2582 intra
853 2506 1038 2612 legitimos
1066 2503 1145 2577 dics
1166 2503 1338 2607 profiteri
1365 2505 1588 2609 nequiverit
1631 2509 1725 2582 Erat
1748 2505 1881 2582 eodem
1906 2522 1999 2581 tem-

597 2659 690 2737 pore
711 2635 778 2707 Cn.
801 2632 903 2721 Piso,
927 2628 1145 2704 adulescens
1162 2627 1318 2717 nobilis,
1342 2653 1500 2704 summae
1517 2628 1703 2720 audaciae,
1726 2655 1852 2735 egene,
1865 2629 1998 2704 factio-

597 2781 676 2846 sus,
701 2782 817 2857 quem
837 2753 887 2828 ad
907 2747 1211 2856 perturbandam
1224 2750 1501 2852 rempublicam
1522 2751 1653 2856 inopia
1675 2770 1792 2855 atque
1810 2753 1902 2827 mali
1919 2780 2000 2828 mo-

598 2903 655 2953 res
674 2876 934 2952 stimulabant.
985 2877 1083 2949 Cum
1107 2869 1183 2944 boc
1210 2872 1374 2946 Catilina
1402 2889 1441 2947 et
1455 2876 1665 2949 Autronius
1695 2877 1846 2952 circiter
1872 2878 1999 2951 Nonas

598 2999 836 3089 Decembris,
861 2996 1019 3072 consilio
1046 2994 1351 3086 communicato,
1375 2996 1566 3099 parabant
1588 2997 1630 3072 in
1657 2999 1844 3104 Capitolio
1863 2999 2002 3074 Kalen-

598 3199 620 3256 l.
641 3195 703 3255 llas.
717 3215 744 3253 r.
763 3193 833 3252 Tur.
850 3193 989 3272 1.reliqui
1002 3202 1054 3252 aut
1067 3201 1096 3252 ct
1113 3195 1256 3254 omittunt
1270 3192 1411 3268 eratfilius
1430 3191 1577 3253 exhibent.
1601 3193 1646 3253 M.
1660 3193 1782 3256 Porcius
1799 3195 1888 3256 Laco
1901 3197 1943 3258 sic
1960 3207 2002 3258 est

599 3301 631 3358 in
648 3299 781 3360 Denariis
791 3297 878 3358 leco.
899 3296 1013 3356 Fabric.
1030 3318 1056 3356 ι.
1075 3297 1171 3358 Guelf.
1189 3319 1214 3358 1.
1233 3317 1259 3356 a.
1275 3296 1303 3356 5.
1316 3297 1344 3357 6.
1361 3319 1389 3378 7.
1408 3297 1506 3358 senat
1517 3308 1611 3380 uterq.
1630 3299 1731 3358 Vinar.
1751 3321 1777 3360 ι.
1802 3299 2002 3385 Leccslonge

600 3403 723 3484 plurimi
736 3400 833 3461 Codd.
846 3399 930 3460 domi
945 3400 1064 3461 nobiles.
1081 3406 1180 3483 plures
1195 3401 1289 3462 corui
1299 3412 1417 3484 mscrpt.
1437 3402 1487 3462 alii
1506 3401 1559 3482 qui
1572 3404 1623 3462 alii
1640 3414 1726 3464 crant
1736 3405 1860 3465 addunt.
1875 3416 1932 3486 aad
1942 3406 2008 3466 alis

600 3525 660 3586 quo
674 3524 737 3566 nec.
757 3505 840 3566 Leid.
853 3527 880 3570 c.
891 3504 922 3564 d.
933 3506 953 3569 f.
964 3525 993 3586 g.
1013 3503 1045 3563 B.
1057 3505 1128 3567 Pub.
1148 3506 1269 3566 Eccard.
1289 3507 1384 3568 Stror.
1403 3509 1463 3567 inc.
1479 3518 1573 3591 uterq.
1597 3508 1682 3569 Rom.
1701 3529 1726 3575 t.
1753 3509 1851 3572 Gusll.
1868 3509 1897 3570 3.
1910 3511 1938 3576 6.
1955 3531 2000 3571 ro.

604 3632 650 3672 rr.
667 3630 712 3670 ra.
732 3609 801 3694 Teg.
821 3609 891 3670 Tur.
907 3630 932 3668 1.
950 3629 1054 3669 masc.
1072 3610 1135 3670 Bas.
1152 3633 1178 3672 1.
1189 3611 1218 3670 3.
1230 3610 1386 3688 forebant.
1405 3610 1474 3671 Tur.
1487 3631 1514 3671 a.

642 3736 716 3820 Cap.
732 3740 777 3799 18.
801 3733 1013 3815 Cotfiu'tllas.
1030 3757 1055 3797 r.
1069 3757 1096 3798 a.
1109 3738 1177 3810 Μ.
1196 3737 1266 3800 Tur.
1279 3758 1304 3797 1.
1316 3757 1344 3798 2.
1365 3735 1450 3798 Bern.
1469 3759 1493 3796 1.
1505 3738 1570 3799 ab.
1590 3740 1780 3800 omnosleid.
1801 3741 2002 3822 dequoplnr.

601 3844 705 3908 Wassii
718 3841 786 3906 libri
798 3842 849 3902 sed
861 3861 921 3922 quo
938 3843 1022 3902 aSal.
1037 3842 1291 3923 scripturulam,
1305 3841 1381 3901 ustis
1399 3851 1441 3900 ost
1459 3841 1597 3903 Diomed.
1612 3843 1651 3902 11.
1664 3844 1733 3915 llo.
1750 3844 1804 3904 Ed.
1825 3843 1939 3906 Pntsclt.
1960 3845 2002 3904 id.

600 3949 703 4028 etsnit
718 3947 838 4008 omittit.
860 3945 964 4008 lltllio.
985 3965 1088 4008 omnes
1099 3946 1160 4005 Bas.
1171 3945 1241 4005 Tur.
1257 3966 1282 4005 r.
1296 3965 1323 4006 s.
1350 3944 1435 4006 Bern.
1449 3966 1475 4006 1.
1496 3967 1526 4006 a.
1540 3950 1645 4029 pleriq.
1662 3948 1760 4010 Codd.
1780 3949 1874 4010 Tullo.
1905 3947 2012 4014 Guell.

604 4053 748 4114 ssent
762 4073 788 4112 ι.
807 4051 975 4113 beidam.
987 4071 1018 4111 n.
1039 4051 1099 4112 Erl.
1118 4049 1188 4131 Teg.
1208 4047 1290 4109 orM.
1304 4046 1373 4130 Lep.
1399 4049 1459 4110 Erl.
1479 4051 1548 4134 Teg.
1567 4051 1637 4112 Tor.
1655 4073 1681 4112 ι.
1699 4072 1727 4114 2.
1746 4049 1838 4124 Silla,
1856 4051 2005 4133 detestati

603 4157 743 4218 comum.
763 4177 865 4220 omnes
878 4155 941 4218 Bas.
955 4156 1024 4216 Tur.
1037 4155 1122 4216 Bcrn.
1151 4153 1254 4214 crimes
1271 4151 1369 4214 Codd.
1392 4173 1441 4236 ap.
1465 4153 1546 4216 Cart.
1566 4157 1752 4218 librariorum
1770 4159 1884 4219 incuria
1904 4158 2004 4220 omiss.

599 4260 688 4343 prob.
706 4271 781 4324 crat.
807 4269 872 4323 crat
885 4261 965 4324 abest
980 4259 1093 4324 aLeld.
1109 4279 1150 4320 m.
1171 4268 1200 4320 ct
1216 4261 1294 4343 plur.
1314 4261 1404 4322 Palat.
1425 4259 1600 4340 acquirunt.
1627 4263 1689 4323 Bas.
1704 4261 1734 4335 4.
1752 4259 1823 4323 Tur.
1843 4281 1870 4325 a.
1887 4283 1928 4322 m.
1946 4283 2002 4324 rec.
