4570 5316
1654 335 1730 410 2¹9

326 471 505 548 vantibus
521 469 600 562 dis,
624 472 674 546 M.
694 471 899 548 Aemilium
919 473 1141 564 Consulem,
1166 470 1304 547 ducem
1326 483 1364 548 et
1384 489 1578 561 auctorem
1602 490 1726 588 sequi.

326 595 423 670 mini
448 595 498 672 ad
521 595 788 701 recipiundam
811 597 1035 673 libertatern.

401 720 455 792 16.
479 719 591 795 Tunc
609 745 698 795 vero
716 737 755 796 et
771 721 884 825 posci.
923 723 1021 796 Cum
1046 717 1160 795 ceteri
1180 716 1349 793 eiusdem
1369 745 1507 800 caussae
1525 728 1663 810 ducem
1685 761 1723 813 se

322 855 467 930 nactos,
484 841 558 915 rati
569 869 748 919 maxumo
765 843 904 948 gaudio
924 844 1072 920 bellum
1083 843 1303 917 irritare·
1331 869 1384 942 17.
1401 845 1607 929 Curionem
1620 883 1723 959 quoa-

321 962 421 1055 sivit,
446 964 505 1038 uti
526 964 802 1042 adulescentior
825 982 863 1043 et
888 968 1024 1072 populi
1045 964 1230 1070 suffragiis
1257 963 1425 1068 integer,
1462 976 1565 1048 aetati
1588 1005 1721 1060 conce·

321 1083 426 1161 deret
448 1089 638 1165 Mamerci.
662 1137 714 1152 -
753 1095 805 1168 18.
825 1089 1052 1196 Philippus,
1083 1089 1151 1192 qui
1181 1103 1291 1163 aetate
1328 1103 1367 1162 et
1395 1095 1553 1173 consilio
1580 1120 1748 1182 ceteros·

320 1209 499 1288 anteibat
1465 1279 1471 1284 .

643 1338 773 1414 Oratio
797 1340 836 1412 L.
861 1339 1026 1438 Philippi
1051 1359 1180 1415 contra
1204 1343 1388 1443 lepidtmt

408 1481 461 1555 19.
485 1460 664 1535 Maxume
680 1460 837 1552 vellem,
860 1465 986 1536 Patres
1005 1465 1223 1570 conscripti,
1242 1466 1521 1572 rempublicam
1546 1469 1715 1570 quietam

319 1604 410 1672 esse,
436 1583 565 1658 autin
589 1583 768 1687 periculis
797 1612 818 1659 a
840 1586 1134 1689 promptissumo
1158 1615 1312 1692 quoque
1342 1589 1514 1678 defendi,
1548 1590 1715 1695 denique

317 1731 434 1808 prava
455 1707 605 1810 incepta
629 1708 907 1783 consultoribus
936 1736 1045 1784 noxae
1069 1735 1152 1786 esse
1200 1713 1271 1786 Sed
1299 1729 1432 1786 contra
1464 1711 1714 1791 seditionibus

317 1831 446 1904 omnia
478 1831 629 1905 turbata
658 1848 767 1918 sunt,
804 1848 843 1906 et
872 1832 921 1907 ab
946 1832 1010 1922 iis,
1033 1859 1128 1934 quos
1157 1833 1359 1936 prohibere
1395 1834 1513 1938 magis
1549 1834 1713 1912 decebat.

317 1955 522 2043 Postremo,
547 1980 633 2056 quae
656 1954 819 2057 pessumi
843 1971 880 2028 et
897 1955 1121 2030 stultissumi
1148 1955 1361 2046 decrevere,
1395 1983 1438 2032 ea
1463 1957 1574 2033 bonis
1594 1975 1632 2033 et
1657 1987 1715 2035 sa-

316 2077 508 2178 pientibus
537 2078 718 2152 faciunda
747 2093 847 2151 sunt.
889 2079 986 2151 Nam
1011 2078 1158 2153 bellum
1185 2096 1301 2180 atque
1325 2105 1451 2168 arma,
1476 2107 1714 2184 qtmmquarn

315 2202 418 2277 vobis
442 2201 578 2291 invisa,
603 2218 747 2289 tamen,
773 2200 864 2304 quia
899 2200 1042 2302 Lepido
1076 2201 1248 2304 placent,
1271 2200 1456 2276 sumenda
1488 2219 1588 2277 sunt.
1634 2206 1713 2281 Nisi

313 2324 410 2399 forte
429 2326 493 2399 cui
516 2350 650 2428 pacem
668 2339 845 2425 praestare
865 2337 902 2396 et
922 2323 1071 2397 bellum
1090 2324 1173 2426 pati
1207 2325 1410 2400 consilium
1434 2341 1499 2399 est
1556 2330 1645 2418 Pro,
1671 2328 1712 2404 di
1747 2337 1755 2344 '

311 2447 414 2539 boni,
437 2449 506 2551 qui
530 2446 632 2521 hanc
646 2446 804 2534 urbem,
829 2445 963 2518 omissa
984 2471 1096 2534 cura,
1121 2443 1250 2520 adhuc
1270 2448 1418 2550 regitis3
1451 2449 1502 2520 Μ.
1515 2451 1711 2528 Aemilius,

312 2573 484 2648 omnium
505 2570 778 2676 flagitiosorum
797 2582 1026 2670 postremus,
1050 2567 1119 2669 qui
1147 2567 1254 2670 peior
1287 2594 1338 2640 an
1363 2569 1534 2671 ignavior
1556 2573 1621 2661 sit,
1646 2573 1711 2650 de-

311 2694 466 2771 liberari
496 2721 576 2770 non
601 2709 743 2799 potest,
768 2689 974 2768 exercitum
1003 2689 1272 2794 opprimundae
1299 2688 1484 2766 libertatis
1510 2689 1644 2785 habet,
1670 2713 1708 2772 et

309 2843 347 2894 se
371 2834 629 2923 econtempto
662 2814 913 2892 metuendum
945 2813 1089 2889 effecit:
1113 2838 1178 2890 vos
1201 2828 1408 2888 mussantes
1432 2829 1471 2889 et
1499 2829 1706 2892 retractan-

309 2959 362 3017 tes
391 2943 514 3017 verbis
537 2958 576 3016 et
599 2957 732 3018 vatum
753 2936 1016 3027 canninibus,
1037 2961 1171 3040 pacem
1198 2934 1336 3039 optatis
1355 2936 1474 3039 magis
1500 2963 1618 3040 quam
1642 2939 1706 3016 do

308 3061 488 3140 fenditis:
513 3090 637 3166 neque
658 3062 874 3166 intellegitis
888 3060 1051 3136 mollitia
1066 3059 1306 3135 decretorum
1335 3058 1441 3133 vobis
1458 3059 1704 3164 dignitatem,

308 3188 366 3263 illi
387 3202 533 3262 metum
558 3183 717 3267 detrahi,
753 3190 878 3286 Atque
899 3183 939 3258 id
962 3184 1063 3275 iure;
1087 3182 1272 3285 quoniam
1294 3207 1340 3255 ex
1360 3181 1506 3284 rapinis
1532 3187 1706 3262 consula·

310 3329 409 3402 tum,
436 3311 485 3386 ob
501 3309 725 3387 seditionem
748 3305 986 3410 provinciam
1004 3331 1092 3380 cum
1114 3305 1281 3380 exercitu
1299 3303 1457 3408 adeptus
1484 3323 1547 3382 est
1598 3309 1706 3407 Quid

307 3436 372 3512 ille
385 3435 434 3510 ob
447 3434 643 3510 benefacta
664 3430 835 3535 cepisset,
856 3428 964 3503 cuius
983 3427 1186 3503 sceleribus
1208 3443 1314 3502 tante
1327 3428 1483 3532 prumia
1503 3430 1706 3510 tribuistis?

433 3641 478 3701 16.
498 3639 611 3700 Nonius
622 3657 644 3696 a.
661 3633 834 3708 minitare,
854 3631 990 3714 equidem
1008 3633 1041 3694 in
1054 3631 1230 3694 Gotholredi
1244 3632 1373 3694 editione
1392 3636 1492 3696 locum
1511 3654 1573 3695 non
1585 3637 1705 3710 inveni5

309 3745 359 3808 sed
377 3743 473 3814 Codd.
488 3747 597 3809 vadam
618 3743 768 3813 dicuntur,
790 3739 840 3798 alii
858 3735 962 3800 cauta
973 3739 1079 3799 wcem
1090 3747 1219 3814 unctus,
1234 3740 1285 3798 alii
1305 3757 1415 3799 oouuoe
1435 3739 1540 3796 ducem
1556 3755 1586 3797 se
1602 3748 1704 3800 noetus

310 3860 365 3913 etc.
385 3869 473 3930 quum
493 3849 649 3910 lectionem
671 3847 776 3928 recepi.
796 3847 870 3905 dttm
885 3843 975 3904 ceteri
992 3842 1075 3905 Cort.
1094 3876 1137 3893 -
1165 3865 1213 3925 ¹7·
1235 3842 1320 3908 Prisc.
1343 3860 1397 3915 to,
1417 3841 1455 3914 8,
1476 3835 1548 3904 tot.
1572 3842 1702 3904 adum.

310 3953 407 4018 codd.
427 3973 447 4012 o
458 3951 559 4034 populi
578 3951 655 4014 cot.
675 3951 752 4033 lips.
768 3973 793 4012 r.
814 3949 872 4010 Erl.
886 3967 914 4010 a.
943 3947 1078 4014 Heidelb.
1095 3967 1169 4030 quos
1185 3943 1277 4008 Krobl
1292 3944 1427 4006 contulit·
1446 3944 1488 4005 sic
1506 3939 1704 4008 attona.-

314 4043 448 4123 resen.
462 4055 582 4122 uun.
596 4079 634 4138 9,
653 4055 718 4127 trs.

328 4213 331 4222 ,
434 4185 479 4246 ¹9·
499 4161 600 4224 odbrw
618 4159 711 4242 tegitis
729 4157 822 4219 vatic.
843 4157 886 4216 od
900 4173 1005 4237 pacem
1024 4149 1110 4218 Febr.
1129 4149 1205 4212 Bric.
1222 4159 1401 4229 postrenum
1419 4168 1507 4230 usquo
1529 4155 1572 4214 od
1594 4154 1704 4236 legatos

1268 4276 1294 4334 tt
