4570 5316
552 401 714 460 ’200

636 561 835 664 cultorque
866 559 939 636 sibi
976 556 1102 652 adoit5
1127 553 1271 659 copias,
1296 553 1430 644 fldem,
1458 555 1764 662 magnitudinem
1784 559 1880 666 regia
1898 559 1981 651 tui,
2003 567 2043 636 et'

638 685 734 774 alia,
757 707 844 785 quae
868 697 937 758 aut
967 680 1081 758 utilia
1111 693 1181 754 atat
1207 678 1480 756 benevolentia
1504 705 1580 756 eece
1607 681 1834 774 credebant,
1868 684 2043 760 oratione

638 807 851 897 extollunt:
877 803 967 880 dein
983 801 1091 880 Sulla
1113 801 1243 878 omnia
1261 801 1454 906 pollicito,
1479 801 1695 908 docti,quo
1707 806 1822 882 modo
1837 805 1945 911 apud
1957 806 2041 882 Μι.

637 931 759 1020 rium,
783 930 875 1004 item
896 926 1002 1032 apud
1032 927 1215 1002 Senatum
1231 927 1351 1002 verba
1376 925 1561 1017 facerent,
1595 928 1747 1005 circiter
1773 929 1852 1005 dice
1876 927 2043 1034 quadra·

570 1068 627 1142 rot
636 1055 741 1161 ginta
766 1051 911 1130 ibidem
926 1051 1190 1155 opperiuntur.
1226 1050 1372 1126 Mariua
1388 1066 1590 1153 postquam
1609 1050 1752 1127 infecto
1768 1053 1937 1158 negotio,
1961 1077 2042 1156 quo

637 1175 873 1265 intenderat,
899 1173 1044 1248 Cirtam
1065 1173 1181 1266 redit3
1199 1172 1248 1250 de
1270 1172 1438 1248 adventu
1456 1173 1667 1278 legatorum
1685 1173 1826 1252 certior
1842 1173 1981 1268 factus,
1995 1176 2045 1252 il·
2154 1245 2158 1250 .

635 1301 769 1403 lacque
788 1317 827 1374 et
842 1297 990 1374 Sullam
1011 1296 1141 1372 venire
1160 1297 1285 1388 iubet,
1310 1295 1404 1374 item
1418 1297 1459 1372 Ι..
1475 1296 1689 1372 Bellienum
1698 1299 1905 1374 Praetorem
1921 1297 2044 1392 Utica,

635 1438 815 1530 praterea
843 1445 974 1496 omnea
1006 1418 1181 1526 undique
1204 1420 1394 1498 Senatorii
1423 1419 1593 1511 ardinio,
1629 1419 1861 1523 quibuscum
1885 1421 2045 1498 manda·

634 1565 674 1625 ta
703 1543 842 1623 bocchi
863 1544 1064 1650 cognoscit.
1106 1543 1254 1648 legatia
1275 1561 1437 1650 potestat
1467 1543 1586 1622 eundi
1609 1544 1771 1622 Romam
1799 1543 1845 1618 fit
1871 1544 1921 1620 ab
1946 1547 2046 1622 Con··

634 1670 741 1748 aule:
768 1669 912 1745 interea
934 1665 1101 1743 inducia
1125 1666 1430 1771 postulabantur.
1467 1668 1523 1742 Ea
1547 1665 1663 1744 Sulloe
1686 1683 1725 1743 et
1744 1666 1935 1771 plerisque
1960 1667 2044 1772 pla·

634 1819 770 1874 catere:
796 1790 912 1894 pauci
938 1789 1102 1866 ferocius
1128 1789 1361 1880 decernunt,
1386 1789 1530 1866 acilicet
1557 1789 1681 1894 ignari
1701 1788 1962 1868 humanarum
1986 1817 2046 1868 re·

634 1943 744 2006 rum,
772 1937 859 2016 quoe
874 1913 988 1987 iluxoe
1010 1927 1050 1988 et
1072 1912 1232 1987 mobiles
1257 1937 1406 2016 temper
1435 1912 1478 1986 in
1499 1911 1654 1988 advorsa
1683 1929 1896 1991 mutantur.
1941 1917 2046 1992 Cete-

633 2067 727 2117 rum
748 2035 897 2126 Mauri,
922 2033 1134 2140 impetratis
1161 2034 1360 2124 omnibus,
1385 2049 1459 2110 tres
1481 2036 1642 2112 Romam
1661 2035 1822 2140 proiecti
1850 2041 1941 2114 cum
1975 2039 2045 2114 Cn.

632 2161 796 2240 Octavio
824 2157 944 2249 Rufo,
977 2157 1046 2261 qui
1067 2155 1304 2262 stipendium
1329 2157 1345 2256 (
1357 2155 1400 2232 in
1423 2156 1618 2258 Africam)
1651 2158 1939 2263 adportaverat:
1964 2159 2044 2236 duo

634 2391 753 2454 Uin-a.
778 2389 874 2452 Strui.
894 2387 981 2448 Vrat.
992 2405 1020 2446 a.
1034 2384 1063 2446 3.
1085 2383 1183 2446 Gueli.
1196 2405 1222 2443 ι.
1232 2384 1263 2446 6.
1275 2403 1322 2450 ιι.
1351 2383 1550 2446 amurca
1562 2387 1649 2448 ceteri
1663 2405 1698 2450 ex
1708 2385 1789 2449 leid.
1802 2407 1830 2451 c.
1841 2387 1872 2450 d.
1883 2387 1904 2450 i.
1917 2391 1939 2450 l.
1958 2387 2046 2450 bem.

639 2515 669 2556 ι.
684 2499 714 2558 t.
733 2490 960 2553 benevolentiam
978 2488 1049 2555 Tur.
1069 2488 1172 2548 omnio
1179 2488 1328 2569 polb'citua
1351 2488 1438 2549 Febr.
1452 2510 1478 2549 ι.
1497 2488 1583 2555 ilem.
1597 2511 1623 2556 ι.
1643 2493 1702 2552 ine.
1714 2513 1742 2576 ι.
1762 2491 1830 2553 Tur.
1852 2513 1894 2552 m.
1908 2513 1954 2576 pr.
1978 2493 2049 2574 pol·

630 2596 779 2660 licitoadc
799 2595 884 2656 bem.
897 2593 927 2654 d.
953 2591 1094 2674 :doctique
1113 2589 1204 2654 Acad.
1224 2593 1294 2657 vin.
1307 2614 1333 2660 1.
1354 2592 1452 2658 (lucii.
1467 2615 1497 2676 7.
1517 2593 1580 2655 tn.
1594 2595 1624 2668 4.
1648 2595 1751 2674 Jl'nrie.
1772 2596 1896 2677 &mque
1911 2617 1958 2680 ap.
1977 2597 2048 2660 Seu.

630 2703 731 2767 Turic.

718 2803 794 2886 Cap.
812 2803 879 2876 roi.
902 2803 1012 2880 infecto
1031 2799 1148 2882 negotio
1166 2819 1223 2880 quo
1238 2799 1259 2862 i.
1279 2799 1378 2864 Turic.
1398 2799 1502 2876 baad
1523 2803 1645 2871 Havete.
1664 2805 1747 2866 leid.
1767 2801 1852 2866 bern.
1867 2827 1893 2874 ι.
1914 2807 2050 2885 cotffccto

637 2913 755 2997 negeuo
781 2911 896 2992 aliquot
909 2907 996 2978 libri,
1011 2927 1046 2968 cx
1063 2905 1147 2967 Laid.
1161 2928 1189 2968 c.
1199 2907 1219 2966 i.
1229 2927 1272 2966 m.
1292 2905 1377 2966 Paria
1390 2928 1417 2967 a.
1432 2928 1459 2968 c.
1471 2905 1503 2968 d.
1530 2911 1610 2988 quod
1625 2907 1795 2971 irttmderct
1819 2909 1886 2975 Eae.
1914 2914 2000 2974 Vrat.
2018 2931 2049 2972 a.

634 3023 696 3082 inc.
714 3038 743 3084 ι.
764 3017 854 3076 Palat
866 3035 894 3075 a.
913 3012 963 3074 cui
978 3012 1033 3072 int.
1057 3013 1150 3072 Pelet.
1163 3011 1193 3072 3.
1220 3008 1298 3072 redit
1311 3021 1340 3072 ct
1350 3013 1388 3072 da
1407 3011 1469 3072 lim.
1481 3012 1511 3084 4.
1530 3011 1601 3074 Tur.
1620 3015 1725 3091 soctan
1738 3023 1780 3074 cat
1798 3013 1880 3081 leid.
1893 3013 1924 3074 b.
1938 3016 1958 3081 i.
1973 3036 2002 3098 g.
2015 3013 2050 3076 b.

634 3128 657 3188 i.
671 3126 699 3184 k.
711 3145 753 3182 ιιι.
763 3141 798 3182 ιι.
816 3118 886 3180 Tur.
904 3117 990 3178 bern.
1000 3116 1030 3182 3.
1057 3115 1176 3196 illosque
1192 3125 1221 3176 et
1232 3114 1347 3176 Sullam
1357 3124 1412 3177 ctc.
1443 3118 1531 3178 etiam
1545 3115 1685 3180 hocloco
1699 3117 1797 3202 codd.
1819 3141 1908 3201 quam
1923 3121 2050 3182 mamma

638 3197 762 3293 ...ι.ιίι
782 3225 849 3286 ιιι..
865 3231 894 3284 a
907 3222 1022 3283 raam
1040 3220 1110 3284 vin.
1123 3242 1149 3280 t.
1169 3219 1282 3286 roeo.
1296 3241 1326 3282 ι.
1346 3219 1429 3304 urg.
1451 3230 1480 3282 a
1493 3219 1610 3282 atum
1627 3225 1669 3283 ..ι
1688 3219 1807 3284 orcam
1819 3223 1926 3286 aaa.
1946 3223 2050 3288 aaa.

633 3335 716 3398 irat.
736 3353 763 3392 2.
778 3335 806 3394 6.
827 3329 865 3388 ob
882 3337 968 3389 tucca
986 3325 1088 3388 vcmrc
1107 3325 1195 3390 Rem.
1215 3326 1313 3386 Senot.
1331 3347 1356 3392 ι.
1378 3325 1493 3388 Fabric.
1518 3347 1553 3386 ι.·
1569 3324 1687 3388 Uticam
1698 3349 1728 3394 v.
1748 3327 1836 3389 Bern.
1856 3350 1882 3390 ι.
1903 3330 1940 3390 ab
1962 3327 2052 3391 Utica

637 3460 668 3500 v.
687 3439 788 3500 Vinar.
808 3431 891 3514 Bcrg.
910 3431 1008 3494 Strui.
1030 3433 1131 3492 Franc.
1152 3429 1242 3492 lead.
1263 3429 1418 3496 Fabrici.
1439 3429 1538 3491 Gueli.
1553 3430 1582 3504 4.
1595 3431 1625 3496 6.
1635 3453 1664 3512 9.
1678 3452 1724 3493 ιο.
1740 3454 1785 3493 ιι.
1804 3453 1849 3494 ιι.
1870 3433 1990 3494 laidi.
2004 3455 2049 3496 m.

633 3544 695 3604 Eri.
715 3537 816 3610 baad.
835 3535 934 3602 Turio.
955 3535 1080 3600 Bermi.
1109 3535 1178 3596 aian
1191 3533 1275 3598 RB.
1295 3535 1431 3602 Senatr.
1457 3536 1598 3600 vinam.
1623 3535 1706 3620 Bcrg.
1732 3535 1837 3600 Frena.
1866 3536 1951 3604 Fabi.
1979 3537 2048 3605 fec.

579 3657 584 3664 ’
634 3646 732 3708 Gueli.
748 3643 777 3705 3.
793 3663 822 3724 9.
849 3641 931 3702 Laid.
947 3661 989 3700 m.
1016 3639 1179 3701 Belliauam
1198 3642 1250 3702 alii
1268 3639 1454 3714 Bellunum,
1484 3639 1682 3720 Belligcram,
1715 3639 1908 3722 Bclb'gcruant
1927 3639 1964 3703 L.
1984 3641 2048 3705 Bel.

634 3751 786 3815 tribunum
806 3745 896 3829 plebia
918 3743 1034 3806 Uticam
1053 3746 1121 3808 San.
1136 3767 1163 3812 ι.
1180 3755 1339 3826 praetorem
1356 3747 1528 3809 Romanam
1551 3742 1588 3806 U.
1607 3745 1693 3808 Febr.
1709 3768 1735 3806 1.
1768 3746 1932 3808 Bellienum
1950 3747 1989 3809 R.
2007 3747 2047 3807 P.

630 3867 790 3940 pictorem
816 3849 905 3913 Utica
928 3848 1029 3916 cuais.
1041 3851 1070 3912 6.
1087 3859 1174 3934 prat.
1191 3849 1228 3912 P.
1242 3851 1282 3912 tt.
1304 3849 1396 3913 Utica
1417 3853 1476 3913 Pal.
1490 3875 1519 3934 7.
1540 3853 1579 3913 dc
1599 3850 1687 3914 Utica
1705 3849 1775 3912 Tur.
1801 3849 1888 3912 Utica
1906 3872 1967 3914 om.
1987 3851 2048 3912 Pal.

632 3965 663 4028 3.
673 3964 703 4024 6.
716 3962 745 4022 6.
766 3979 834 4021 cum
848 3957 948 4038 ombus
966 3957 1034 4017 Seu.
1049 3977 1076 4017 1.
1097 3955 1193 4016 Guelf.
1207 3977 1236 4038 7.
1256 3955 1370 4018 Fabric.
1381 3977 1410 4022 a.
1434 3967 1601 4036 cognoscat
1616 3957 1714 4018 Gnell.
1723 3979 1753 4038 9.
1775 3956 1911 4038 ccngm't
1930 3959 2004 4020 vin.
2017 3977 2049 4019 a.

632 4069 714 4131 Vtat-
727 4087 754 4128 ι.
774 4061 899 4126 Leidb.
920 4061 1044 4128 terna.
1070 4071 1251 4142 cognoscunt
1270 4059 1338 4124 Ecc.
1359 4060 1393 4122 in
1411 4061 1513 4142 arabus
1531 4063 1617 4144 bgot.
1638 4065 1680 4123 ita
1698 4064 1822 4144 plurimi
1840 4061 1919 4128 libri.
1942 4059 2050 4142 inquit

633 4175 732 4237 Sonat.
748 4192 774 4231 ι.
793 4169 878 4230 Fabr.
892 4187 924 4233 ι.·
941 4167 1039 4228 Gueli.
1055 4172 1084 4231 3.
1100 4166 1129 4226 6.
1150 4187 1172 4226 c
1188 4165 1252 4246 quia
1264 4164 1324 4226 nl.
1345 4164 1379 4228 ia
1399 4185 1462 4230 cm.
1482 4163 1533 4229 Ac.
1554 4167 1588 4226 in
1605 4166 1658 4246 qui
1676 4166 1774 4232 Guelf.
1795 4189 1825 4248 9.
1855 4166 1889 4226 in
1907 4165 1971 4246 quic
1984 4185 2048 4230 om·
2119 4241 2129 4248 ,

633 4275 746 4342 Bebrio.
759 4296 785 4336 ι.
805 4275 892 4336 etiam
912 4271 1049 4336 Glarean.
1067 4272 1238 4335 auctoritate
1255 4269 1410 4334 librorum.
1438 4269 1472 4332 in
1485 4269 1586 4352 quam
1603 4271 1707 4354 ltgotit
1727 4293 1791 4333 om.
1810 4270 1895 4334 Bam.
1910 4293 1938 4333 ι.
1963 4281 1994 4332 et
2009 4269 2051 4332 ab
