4582 5320
286 592 353 683 n't,
379 591 558 670 nominat
577 592 715 686 socios,
743 607 924 702 praeterea
951 594 1092 674 multos
1115 595 1299 703 maiusque
1326 597 1471 704 generis
1493 595 1689 694 innoxios,

287 743 368 822 quo
393 717 530 824 legatis
560 719 712 794 animus
743 719 908 824 amplior
933 737 1050 796 essett
1075 720 1213 797 deinde
1234 747 1295 798 eos
1318 722 1510 827 pollicitos
1534 747 1708 826 operam»

285 865 395 918 mam
421 839 582 916 domum
602 841 772 918 simitu
812 844 885 919 sea
910 843 1128 950 Allobroga
1157 845 1227 920 uu
1257 845 1299 919 in
1325 845 1471 920 incerto
1498 825 1736 934 habuerat

287 963 477 1066 quidnam
497 965 647 1040 consilii
672 983 859 1070 caperent
895 968 942 1042 In
963 967 1081 1043 altera
1100 983 1209 1072 parte
1223 983 1306 1042 erat
1323 994 1371 1043 aas
1392 969 1580 1058 alienum,
1610 983 1690 1042 stu-

285 1087 395 1164 dium
413 1088 526 1178 belli,
550 1116 688 1193 magna
710 1117 851 1166 merces
872 1090 913 1165 in
935 1117 1002 1194 spe
1026 1091 1216 1167 victoriae:
1250 1107 1291 1165 at
1316 1092 1359 1168 in
1379 1092 1501 1166 altera·
1529 1091 1712 1166 maiores'

272 1237 394 1316 upa,
420 1227 502 1286 tuta
526 1212 701 1302 consilia,
724 1239 795 1316 pro
815 1214 958 1288 incerta
982 1239 1068 1318 ape,
1086 1229 1188 1289 certa
1203 1215 1368 1318 praemia.
1404 1217 1494 1288 Haec
1515 1215 1590 1289 illis
1609 1215 1689 1288 vol-

288 1335 478 1426 ventibus,
502 1336 659 1412 tandem
681 1337 773 1414 vicit
796 1338 952 1412 fortuna
973 1336 1201 1440 reipublicae.
1235 1340 1378 1440 ltaque.
1397 1336 1441 1434 Q.
1463 1337 1581 1413 Fabio
1596 1329 1689 1411 Sanss

288 1482 364 1561 goe,
399 1458 507 1535 ouius
531 1459 746 1564 patrocinio
777 1461 907 1538 civitas
931 1461 1147 1564 plurimum
1176 1461 1374 1551 utebatur,
1410 1487 1491 1536 rem
1515 1487 1689 1551 omnem,

287 1580 347 1654 uti
368 1597 649 1684 cognoverant,
667 1584 855 1687 aperiunt
897 1584 1046 1674 Cicero,
1071 1611 1141 1688 per
1154 1586 1316 1688 Sangam
1338 1585 1496 1660 consilio
1518 1585 1688 1688 cognito,

288 1702 416 1807 legatis
438 1707 636 1810 praecepit,
661 1723 707 1781 ut
721 1708 894 1782 studium
918 1707 1193 1782 coniurationis
1222 1707 1467 1784 vehementer
1489 1707 1690 1796 simulent,

289 1842 430 1902 eeteros
451 1827 608 1921 adeant,
629 1832 727 1905 bene
747 1831 1024 1934 polliceantur;
1036 1829 1377 1935 dentqueoperam
1390 1832 1465 1923 ,uti
1490 1858 1551 1907 eos
1572 1857 1690 1934 quam

291 1977 467 2027 maxume
486 1951 702 2028 manifestos
719 1952 895 2028 habeant
921 1953 1044 2028 Isdem
1059 1951 1137 2027 sere
1151 1956 1385 2058 temporibus
1397 1955 1439 2028 in
1453 1954 1583 2028 Gallia
1600 1954 1691 2028 cite·
1700 1953 1748 2024 la·

290 2073 390 2149 riore
405 2091 522 2178 atque
540 2076 737 2168 ulteriore,
763 2078 855 2152 item
875 2078 917 2154 in
941 2103 1031 2182 agro
1059 2075 1218 2168 Pioen0,
1240 2081 1406 2168 Bruttio,
1432 2077 1588 2182 Apulia,
1609 2103 1691 2150 mo-

292 2211 351 2272 tus
376 2214 467 2273 erat
504 2201 678 2303 Namque
697 2200 774 2291 illi,
800 2226 896 2303 quos
921 2221 1034 2276 antea
1057 2200 1222 2298 Catilina
1243 2201 1452 2288 dimiserat,
1477 2199 1691 2275 inoonsulte

290 2345 334 2394 ao
348 2322 467 2396 veluti
481 2349 550 2428 per
561 2323 794 2400 dementiam
810 2342 949 2400 cuncta
967 2325 1082 2400 simul
1100 2325 1285 2431 agebant:
1304 2324 1503 2400 nocturnis
1516 2321 1693 2409 consiliis,

292 2468 487 2520 armorum
511 2464 626 2551 atque
647 2449 812 2550 telorum
827 2449 1127 2543 portationibus,
1151 2447 1388 2536 festinando,
1413 2445 1592 2550 agitando
1611 2471 1692 2520 om-

292 2568 374 2658 nia,
399 2570 486 2674 plus
508 2572 669 2662 timoris,
695 2598 813 2674 quam
832 2571 998 2675 periculi·
1016 2571 1230 2646 effecerant.
1262 2571 1322 2642 Ex
1347 2595 1400 2644 eo
1414 2593 1576 2642 numero
1589 2592 1691 2640 com-

291 2691 425 2792 plures.
442 2695 488 2792 Q.
508 2697 685 2772 Metellus
708 2696 816 2772 Celer
837 2699 997 2784 Praetor,
1030 2723 1076 2770 ex
1098 2695 1226 2770 Senati
1253 2691 1453 2784 Consulto,
1476 2713 1605 2766 caussa
1628 2714 1690 2774 eo·¹
1789 2689 1794 2701 ’

295 2909 320 2954 1.
334 2911 362 2952 a.
383 2895 600 2976 wspollicitosa
621 2915 668 2957 eoa
682 2879 781 2959 omisit
794 2897 878 2958 Fabr.
890 2918 917 2958 a.
937 2897 999 2962 Eas.
1010 2898 1040 2959 ὅ.
1062 2900 1113 2980 qui
1130 2900 1170 2958 ita
1183 2895 1310 2956 :deinde
1318 2892 1464 2974 pollicitos
1478 2909 1597 2973 operam
1607 2907 1693 2949 rutam

293 2998 367 3057 dure
384 3001 517 3061 dimittit.
537 3005 669 3062 domum.
691 3003 751 3062 Bas.
765 3009 793 3067 ὅ.
814 3003 910 3064 Guell'.
928 3008 956 3070 3.
970 3015 1000 3064 et
1013 3005 1042 3068 6.
1063 3006 1233 3064 omiserunt
1254 3001 1332 3063 Edit.
1349 2998 1436 3059 Paris.

356 3125 428 3208 ΟΨ·
444 3130 501 3200 41..
515 3131 548 3190 in
563 3130 708 3191 inoenwn
722 3133 789 3192 bob.
816 3133 1014 3214 llamuterq.
1035 3133 1120 3193 Fabr.
1140 3153 1166 3190 a.
1193 3131 1251 3189 Pal.
1266 3133 1293 3192 ὅ.
1315 3128 1451 3186 Remo..
1471 3123 1525 3185 clia't
1546 3124 1694 3184 [narium

293 3229 389 3292 Gnell.
403 3235 433 3296 3.
454 3245 565 3296 eertum
579 3236 752 3317 praemiwn..
766 3237 907 3298 cletta
929 3238 1013 3298 Rern.
1033 3258 1059 3296 a.
1079 3237 1149 3295 Tor.
1165 3257 1193 3293 ι.
1212 3230 1405 3309 ἰέα.Ο.Ραὺ.-
1421 3228 1505 3293 Fabr.
1525 3250 1550 3286 r.
1577 3229 1645 3292 vin.
1664 3249 1694 3292 r,

293 3341 413 3400 masilia
434 3345 533 3402 locum
552 3353 645 3401 mutat
665 3345 696 3400 in
712 3343 779 3400 Son.
796 3362 823 3400 a.
852 3345 911 3406 ine.
926 3363 951 3400 1.
972 3342 1067 3403 Struv.
1089 3341 1176 3402 Heus.
1198 3348 1226 3398 ot
1245 3336 1337 3396 tribus
1353 3335 1416 3394 aliis
1428 3331 1531 3392 Cortii.
1555 3333 1693 3413 pracepit

295 3457 327 3508 ut
347 3467 452 3508 omnes
466 3450 527 3508 sere
538 3449 615 3509 libri.
633 3447 714 3512 Cort.
730 3446 791 3504 fide
805 3447 891 3504 unius
906 3444 983 3503 cod.
1004 3444 1102 3504 Guels.
1119 3443 1234 3504 delerit.

359 3573 431 3656 Gap.
448 3578 497 3646 ἀπ.
518 3575 647 3644 Bruttii).
666 3574 763 3633 Guelf.
782 3595 807 3632 1.
822 3576 850 3634 5.
871 3573 932 3632 Bas.
951 3595 975 3638 1.
996 3577 1064 3632 ino„
1076 3574 1143 3632 Son.
1156 3581 1250 3652 uterq.
1271 3567 1341 3630 vin.
1355 3590 1380 3628 ι.
1403 3569 1502 3628 Ηοιιεο.
1523 3570 1692 3630 omnessere

295 3681 375 3741 Leirl.
396 3681 518 3742 Bruttio.
538 3679 731 3742 returCotld.
747 3677 853 3738 Ursini.
876 3698 947 3736 nam
968 3677 1024 3736 iltiss
1051 3677 1132 3736 Leid.
1146 3675 1218 3735 a.-b.
1232 3697 1257 3736 c.
1271 3676 1300 3735 d.
1312 3697 1337 3736 e.
1353 3676 1373 3739 l.
1384 3672 1416 3732 h.
1432 3676 1452 3732 ἱ.
1463 3675 1491 3732 k.
1503 3695 1534 3730 n.
1563 3673 1647 3733 Bam.
1668 3695 1694 3733 ι.

296 3787 328 3848 3.
346 3807 416 3866 quos
425 3787 516 3868 poulo
530 3795 609 3846 ante.
629 3787 697 3844 Vin.
714 3805 749 3843 ι..
760 3787 862 3844 inm.
881 3781 952 3842 aab.
969 3793 1063 3862 uterq.
1076 3783 1141 3841 Bas.
1152 3803 1178 3841 2.
1190 3781 1219 3842 3.
1240 3780 1338 3844 Guell'.
1357 3801 1393 3838 π...
1407 3801 1445 3841 m.
1459 3797 1518 3836 sec.
1536 3776 1604 3858 Teg.
1623 3777 1693 3837 Tur.

299 3914 324 3952 ι.
344 3893 429 3954 Bam.
446 3913 472 3952 a.
493 3902 585 3952 anteo
599 3887 687 3950 Cant.
709 3887 767 3950 hoc
784 3889 890 3949 ordino
907 3887 1040 3945 meliores
1055 3885 1165 3956 Cortii,
1187 3905 1289 3944 omnes
1304 3884 1405 3942 nostri.
1428 3879 1516 3940 Catil.
1528 3891 1592 3940 ant.
1614 3881 1694 3942 Gru-

297 4008 348 4058 ter.
368 3999 460 4058 Waas.
482 3997 602 4059 Havete.
623 3995 703 4054 Laida
725 3993 850 4073 agebunt
862 4001 949 4051 exsut
965 3992 995 4048 in
1014 3989 1153 4048 omnibus
1168 3990 1225 4048 sere
1243 3997 1361 4068 mscrpt.
1381 3985 1520 4046 aosooiis
1538 4005 1628 4044 eausa
1642 4005 1695 4046 co-

296 4102 397 4180 grtia..
421 4112 522 4182 uterq„
536 4102 595 4160 inc.
616 4100 699 4158 llam.
719 4119 753 4157 a..
774 4097 824 4157 Aa.
851 4095 1130 4174 οηο1ΐ.4.6.7.9.
1150 4114 1195 4152 ιι.
1216 4113 1271 4156 ra..
1287 4111 1325 4150 ex
1339 4091 1423 4150 sociis
1440 4087 1587 4153 Catilina.
1609 4075 1694 4150 Rem.

304 4227 331 4272 r,
349 4206 445 4266 Gaetu
459 4206 487 4265 5.
501 4209 537 4264 8.
550 4204 620 4263 Tur.
635 4225 661 4262 aa
683 4203 767 4261 Paria.
782 4201 812 4260 b.
828 4221 853 4259 e.
885 4201 1036 4258 manifesto
1054 4210 1190 4257 notarum
1219 4197 1268 4276 (S.
1282 4196 1329 4274 C.)
1346 4215 1451 4253 errore.
1475 4213 1512 4252 ox
1532 4212 1590 4254 soo-
1609 4193 1695 4254 latia.

299 4322 393 4372 unat.
406 4311 554 4371 comto.
569 4309 631 4368 Bas.
647 4309 682 4378 Δ..
694 4325 732 4365 aa·
744 4313 860 4365 senatus
877 4303 1029 4364 mantile..
1042 4302 1147 4369 Bam.
1168 4300 1282 4362 Febris.
1296 4309 1389 4382 uterq,
1410 4299 1530 4362 tecam.
1552 4299 1649 4360 Guetl.
1669 4321 1695 4360 r.
