4560 5338
1583 419 1653 494 .5ι

248 597 396 680 serent,
418 607 533 686 seque
553 581 603 658 ad
621 581 829 658 exercitum
849 580 1037 686 proficisci
1056 611 1216 689 cupere,
1246 589 1277 664 si
1299 589 1408 694 prius
1435 591 1656 672 Ciceronem

249 707 511 815 oppressisset:
536 733 625 782 eum
642 706 719 782 suis
741 707 908 782 consiliis
926 708 1096 785 multum
1115 709 1285 787 obiicere.
1300 719 1315 750 ''
1340 714 1463 818 Igitur
1477 716 1655 817 perterri-
1665 743 1703 802 ,Β

249 835 297 912 tis
312 860 358 910 ac
374 827 644 908 dubitantibus
663 831 814 924 ceteris,
840 833 878 908 G
895 833 1111 924 Cornelius,
1136 861 1251 939 eques
1268 837 1480 930 Romanus,
1501 865 1657 943 operam

247 983 357 1036 suam
383 955 600 1062 pollicitus,
624 969 664 1030 et
691 981 781 1030 cum
809 981 853 1033 eo
880 958 919 1031 1.
940 957 1198 1062 Vargunteius
1225 960 1402 1056 Senator,
1428 963 1659 1042 constituere

248 1109 291 1158 ea
327 1093 439 1159 nocte
461 1079 595 1185 paullo
615 1093 701 1182 post
727 1105 818 1154 cum
842 1079 997 1154 armatis
1027 1077 1272 1178 hominibus,
1307 1083 1420 1159 sicuti
1448 1085 1658 1164 salutatum

249 1206 411 1282 introire
430 1206 481 1282 ad
495 1204 718 1281 Ciceronem
731 1230 776 1280 ac
791 1202 841 1278 de
861 1202 1065 1307 improviso
1088 1204 1193 1281 domi
1213 1232 1291 1282 suae
1309 1207 1544 1311 imparatum
1565 1237 1657 1286 con·

247 1328 384 1405 fodere
403 1317 557 1403 ¹Curius
578 1326 647 1401 ubi
667 1326 874 1431 intellegit,
899 1345 1092 1429 quantum
1105 1329 1268 1434 periculi
1282 1331 1440 1406 Consuli
1460 1331 1656 1437 impende-

248 1467 305 1544 at,
329 1477 491 1558 propere
509 1477 579 1558 per
602 1449 779 1526 Fulviam
807 1451 980 1527 Ciceroni
1007 1451 1163 1545 dolum,
1190 1454 1260 1556 qui
1282 1454 1509 1556 parabatur,
1533 1483 1657 1534 enun-

249 1577 333 1654 ciat
369 1580 426 1652 Ita
447 1574 506 1650 illi
532 1575 649 1651 ianua
670 1572 876 1678 prohibiti,
901 1590 1055 1653 tantum
1071 1576 1222 1652 facinus
1239 1577 1379 1652 trustra
1402 1597 1655 1680 susceperant

248 1703 397 1776 Interea
416 1698 585 1776 Manlius
608 1699 651 1775 in
676 1697 833 1774 Etruria
850 1697 1003 1802 plebem
1026 1699 1250 1792 sollicitare,
1275 1716 1437 1804 egestate
1454 1699 1586 1792 simul,
1612 1728 1657 1778 ac

247 1823 379 1901 dolore
399 1822 554 1900 iniuriae
574 1849 763 1899 novarum
789 1847 920 1897 rerum
950 1819 1162 1926 cupidam,
1194 1822 1320 1927 quod,
1345 1823 1462 1898 Sullae
1481 1823 1658 1901 domina-

249 1947 369 2039 tione,
394 1969 503 2053 egros
521 1947 701 2054 bonaque
723 1945 853 2022 omnia
870 1945 1061 2040 amiserat,
1084 1963 1266 2050 praeterea
1286 1945 1453 2024 latrones
1471 1948 1658 2052 cuiusque

246 2073 410 2177 generis,
435 2097 603 2178 quorum
621 2071 663 2146 in
685 2097 728 2146 ea
750 2069 904 2174 regione
930 2095 1068 2174 magna
1089 2068 1200 2173 copia
1221 2085 1322 2163 eret;
1346 2098 1428 2147 non
1451 2071 1580 2148 nullos
1606 2098 1653 2148 ex

247 2195 414 2272 Sullanis
444 2194 617 2286 colonis,
642 2193 783 2297 quibus
802 2191 937 2268 lubido
958 2208 1076 2296 atque
1099 2192 1252 2269 luxuria
1273 2220 1320 2269 cx
1344 2195 1491 2300 magnis
1511 2194 1657 2299 rapinis

248 2319 349 2395 nihil
373 2317 513 2422 reliqui
531 2318 709 2395 fecerant
746 2319 801 2392 Ea
824 2343 947 2421 quum
972 2316 1147 2392 Ciceroni
1169 2317 1471 2412 nunciarentur,
1494 2317 1656 2424 ancipiti
1667 2360 1705 2421 ²9

246 2438 351 2518 malo
362 2457 575 2548 permotus,
595 2438 701 2551 quod
719 2465 844 2542 neque
861 2440 998 2515 urbem
1017 2440 1066 2514 ab
1083 2439 1229 2515 insidiis
1237 2440 1387 2546 privato
1400 2441 1558 2517 consilio
1573 2442 1658 2518 lon-

247 2566 329 2672 gius
346 2566 446 2643 tueri
461 2579 629 2670 poterat,
643 2587 769 2666 neque
789 2562 973 2640 exercitus
984 2562 1123 2638 Manlii
1145 2580 1314 2667 <plantus
1325 2580 1394 2638 aut
1409 2591 1486 2666 quo
1498 2563 1657 2640 consilio

247 2811 333 2874 Rem.
350 2831 376 2878 ι.
398 2812 570 2878 comnibus.
589 2781 794 2874 linetllabr.
815 2807 879 2875 Bas.
894 2830 919 2875 1.
939 2807 1010 2874 Tur.
1027 2829 1054 2869 t.
1074 2807 1187 2870 Sena.
1209 2808 1310 2870 lleuss.
1332 2807 1429 2869 Guelf.
1442 2830 1468 2868 1.
1481 2829 1510 2870 a.
1522 2807 1552 2870 3.
1574 2807 1657 2868 Leid.

250 2939 277 2976 c.
290 2938 319 2999 g.
332 2919 353 2976 i.
374 2916 526 3008 insumus.
545 2915 614 2977 Seu.
629 2938 655 2977 1.
677 2917 777 2998 Heuss.
798 2915 894 2976 Struv.
914 2915 984 2978 Vin.
999 2925 1094 2996 uterq.
1114 2913 1200 2976 Bern.
1214 2913 1244 2975 ὅ.
1276 2913 1384 2974 Menti
1393 2913 1504 2995 parati.
1526 2912 1612 2974 Febr.
1633 2933 1658 2975 ι.

249 3021 357 3081 Sene.
378 3021 477 3082 etduo
491 3023 552 3082 alii.
572 3027 685 3102 officere
698 3019 833 3080 multmn.
853 3018 913 3078 Erl.

314 3146 387 3232 Cap.
404 3151 453 3214 28.
483 3148 568 3210 domi
582 3165 642 3210 nm
664 3148 742 3210 delet
760 3146 857 3209 Guell‘.
882 3147 911 3208 6.
939 3148 1045 3208 demus
1065 3165 1089 3208 s.
1109 3145 1179 3208 Tur.
1195 3167 1224 3208 a.
1255 3167 1316 3210 sure
1332 3151 1496 3209 omiserunt
1521 3147 1605 3211 Item.
1630 3169 1655 3206 ι.

250 3251 319 3314 Vin.
338 3274 364 3314 ι.
385 3252 483 3317 Guell.
502 3273 548 3314 ιι.
576 3253 643 3318 Seu.
662 3273 688 3314 1.
710 3251 829 3313 Comm.
860 3252 930 3312 Naz.
958 3249 1063 3312 domui
1078 3272 1147 3312 suos.
1177 3253 1266 3319 Palat.
1281 3275 1309 3335 7.
1331 3273 1409 3313 unus
1426 3253 1531 3314 Wassii
1545 3253 1658 3332 aliquot

249 3355 370 3418 Ausonii
389 3359 514 3439 Popmae.
536 3341 642 3418 inca.
670 3357 738 3418 Ecc.
758 3357 828 3416 vin.
842 3377 870 3416 a.
892 3354 990 3428 Gnell.
1004 3355 1033 3415 ὅ.
1054 3354 1139 3414 Fabr.
1156 3375 1184 3417 a.
1207 3357 1340 3437 (m.sec.)
1368 3355 1519 3436 intellegi.
1547 3355 1609 3418 Bas.
1630 3379 1656 3416 t.

250 3459 336 3522 Fabr.
356 3483 382 3522 1.
403 3463 470 3522 Seu.
480 3483 511 3526 a.
532 3461 629 3527 Guelf.
643 3461 671 3526 5.
691 3460 751 3520 Erl.
771 3459 841 3542 Teg.
858 3456 943 3518 Piris.
955 3480 982 3518 c.
1001 3457 1031 3518 d.
1052 3458 1122 3518 Tur.
1138 3481 1164 3520 1.
1186 3460 1272 3520 Bern.
1290 3481 1315 3527 1.
1337 3461 1484 3543 intelligit.
1496 3462 1578 3522 leid.
1590 3463 1655 3526 ni.

252 3566 281 3626 k.
297 3568 319 3626 l.
337 3587 418 3632 mn.
434 3566 586 3626 intellexit.
607 3564 684 3627 Cod.
702 3563 811 3629 Ursini.
831 3564 893 3628 llas.
905 3583 933 3629 a.
948 3563 977 3635 l.
998 3564 1057 3630 inc.
1078 3565 1174 3628 struv.
1201 3566 1270 3626 vin.
1290 3587 1318 3628 a.
1339 3567 1407 3629 Ere.
1428 3567 1525 3635 Guell
1539 3587 1566 3626 2.
1582 3589 1611 3647 7.
1626 3567 1656 3626 8.

255 3693 301 3731 ιο.
323 3671 408 3732 Paris.
423 3671 454 3732 b.
469 3692 511 3732 m.
525 3692 581 3732 sec.
602 3670 688 3737 bern.
708 3669 791 3730 Leid.
806 3668 881 3729 b.·c.
899 3666 930 3727 d.
945 3689 971 3734 e.
986 3669 1006 3728 l.
1020 3689 1050 3752 g.
1065 3667 1096 3730 h.
1118 3679 1261 3749 quantum
1272 3671 1407 3753 periculi.
1429 3674 1489 3733 inc.
1507 3693 1533 3732 ι.
1548 3671 1616 3730 Seu.
1627 3690 1655 3730 a.

251 3773 349 3837 Guelf.
366 3796 395 3841 a.
409 3798 439 3857 9.
455 3796 501 3836 ιι.
531 3775 602 3836 Tur.
616 3795 644 3836 ι.
664 3774 746 3840 Leid.
760 3771 792 3835 b.
813 3772 899 3834 Bern.
913 3793 941 3838 a.
954 3773 984 3834 3.
1014 3784 1116 3853 quant.
1135 3776 1308 3856 periwbtm.
1329 3778 1431 3838 liam.
1449 3797 1476 3840 2.
1492 3776 1563 3846 tl.
1585 3773 1654 3834 Tur.

254 3900 281 3944 ι.
300 3879 386 3940 Bam
402 3900 427 3940 ι.
449 3879 624 3962 impendeat.
645 3881 731 3940 Paris.
748 3901 775 3942 c.
797 3879 929 3938 meliores
940 3877 1052 3954 ,Cottii
1086 3878 1148 3940 Bas.
1166 3882 1229 3953 ι.4.
1250 3879 1327 3962 ,Tun
1342 3903 1368 3942 ι.
1388 3880 1513 3942 lierni.
1540 3879 1656 3958 impen-

250 3987 315 4046 dar.
335 3983 433 4051 Guell.
445 4007 475 4050 ι.
490 4005 517 4046 2.
531 3985 559 4046 5.
579 3985 648 4051 Vin.
666 4006 693 4046 a.
723 3985 915 4066 inpenderat.
943 3981 1040 4044 Guell.
1056 4004 1101 4044 ιο.
1123 3983 1203 4045 leid.
1221 3986 1241 4045 l.
1268 3986 1364 4048 Strui.
1470 3994 1522 4044 ant
1542 3981 1605 4042 Bas.
1626 4002 1654 4042 a.

251 4087 445 4170 intpmdebet.
466 4089 575 4151 Ursini.
596 4090 681 4150 Rem.
697 4113 722 4157 ι.
751 4089 819 4152 Ecc.
839 4088 937 4148 Guelf.
953 4089 981 4154 6.
995 4111 1023 4170 7.
1036 4089 1065 4150 8.
1086 4089 1171 4150 Paris.
1184 4110 1209 4155 e.
1226 4100 1254 4150 et
1270 4089 1300 4155 b.
1312 4111 1352 4154 m.
1367 4110 1413 4171 pr.
1434 4089 1503 4148 Tur.
1521 4107 1548 4146 2.
1569 4085 1655 4151 Barn.

255 4214 282 4254 ι.
297 4193 330 4272 3.
347 4193 428 4256 leid.
443 4215 470 4262 a.
483 4194 514 4254 b.
535 4193 729 4275 impendisset.
748 4195 833 4256 Rem.
846 4214 874 4259 a.
895 4192 980 4259 Paris.
992 4193 1023 4252 d.
1041 4189 1181 4254 Ciceroni
1194 4193 1255 4254 dol.
1280 4189 1343 4252 Cic.
1358 4213 1419 4252 om.
1434 4191 1504 4252 Feb.
1518 4211 1546 4257 a.
1569 4189 1654 4252 Bnrn.

256 4316 282 4358 ι.
293 4300 423 4375 feceret.
444 4300 617 4360 recentiores
630 4299 724 4360 Cortii
739 4309 858 4382 mscrpt.
878 4296 941 4360 Bas.
956 4319 982 4366 ι.
1003 4317 1045 4364 m.
1060 4317 1106 4380 pr.
1126 4297 1194 4358 Tur.
1207 4317 1236 4359 ι.
1258 4296 1392 4376 relinqui.
1413 4298 1481 4362 Vin.
1493 4317 1521 4359 ι.
1545 4319 1585 4364 m.
1599 4317 1655 4360 sec.

252 4403 427 4467 emendavit.
438 4405 503 4481 see.
518 4403 631 4484 reliqui.
652 4403 711 4465 Erl.
