4560 5338
547 363 632 414 mn

552 513 1087 607 Chartaceus,recentissimus
1102 511 1473 618 et'negligentissime
1491 509 1654 615 scriptus
1680 525 1743 585 est
1777 513 1955 588 Ceterum

553 665 682 716 omnes
693 638 743 714 ad
754 637 956 714 meliorum
967 637 1156 712 librorum
1169 633 1673 712 auctoritatemfirmandam
1682 635 1811 727 utiles3
1823 651 1956 739 praete-

552 790 616 838 rea
635 761 768 865 quade
780 761 1072 836 causaaliilihri
1095 759 1226 834 multis
1240 759 1281 833 in
1303 757 1394 832 locis
1407 757 1579 862 corrupti
1594 757 1691 845 sint,
1717 759 1825 832 exiis
1846 758 1958 833 intel-

553 887 655 990 ligas.
678 888 944 987 Bergeriaruu,
967 911 1012 958 cx
1025 880 1258 958 bibliotheca
1283 880 1504 970 Misenensi,
1527 880 1665 955 seculo
1682 882 1782 956 XIV.
1796 884 1959 987 scriptus

554 1035 629 1088 csse
658 1007 817 1084 videtur.
865 1009 922 1080 Ex
947 1032 992 1081 eo
1011 1030 1152 1110 paucas
1171 1003 1350 1079 lectiones
1369 1001 1518 1078 Cortius
1551 1002 1719 1094 notavit,
1744 1007 1856 1106 quia,
1881 1033 1959 1108 quo

556 1148 724 1235 tompore
756 1157 845 1206 eum
866 1129 1052 1233 inspexit.
1078 1153 1173 1231 opus
1206 1153 1315 1230 paene
1340 1126 1558 1202 absolverat
1611 1128 1807 1204 Gudianus
1831 1129 1959 1226 (bibl.
2078 1156 2085 1166 ·

553 1254 661 1333 Gud.
677 1255 772 1352 181.)
786 1254 944 1329 Membr.
962 1279 1053 1328 cum
1072 1252 1146 1326 alia
1161 1251 1353 1327 Ciceronis
1373 1249 1579 1354 opuscula,
1605 1267 1689 1326 tum
1718 1251 1962 1328 declamatio·

556 1406 644 1468 nes,
675 1404 762 1480 quae
783 1379 914 1483 Crispo
943 1355 1103 1481 adiungi
1136 1373 1280 1461 solent,
1306 1375 1504 1448 continet.
1528 1375 1619 1448 llaec
1645 1373 1693 1449 de
1709 1375 1792 1448 Mss.
1814 1377 1960 1452 Cortia·

554 1503 625 1578 nis.
651 1504 748 1578 Nam
770 1501 885 1576 Editt
904 1517 1065 1589 veteres,
1085 1521 1179 1597 quas
1194 1494 1385 1582 laudavit,
1410 1495 1565 1586 omitto,
1589 1522 1715 1599 neque
1739 1497 1784 1572 iis
1793 1498 1963 1575 multum

555 1626 670 1728 pretii
693 1623 941 1698 statuendum
965 1647 1040 1698 esse
1062 1645 1214 1712 cense03
1246 1643 1336 1695 cum
1357 1618 1462 1696 enim
1480 1644 1550 1695 nos
1569 1618 1706 1725 fugiat,
1731 1619 1964 1723 adquorum

559 1747 675 1826 Codd.
697 1745 812 1822 fidem
838 1747 916 1820 istoe
937 1746 1016 1821 sint
1035 1745 1135 1848 typis
1153 1745 1365 1847 exscriptoe3
1388 1742 1469 1819 fieri
1489 1759 1626 1848 potest,
1646 1759 1692 1818 ut
1712 1744 1847 1848 saepius
1866 1746 1964 1822 eius·

558 1869 647 1944 dem
669 1869 759 1946 libri
780 1867 958 1944 lectiones
976 1885 1032 1944 ter
1061 1884 1240 1972 quaterve
1260 1866 1486 1958 laudentur,
1512 1869 1577 1944 sed
1595 1867 1672 1942 alio
1703 1869 1869 1945 nomine.

561 2038 572 2051 ··
636 1993 726 2068 Cod.
743 1994 1039 2094 Tegemseeruis,
1065 1992 1107 2066 in
1122 1988 1356 2066 bibliotheca
1373 1991 1592 2067 monasterii
1604 1991 1773 2067 bavarici
1797 1994 1891 2068 olim
1909 2020 1965 2070 as·

557 2129 744 2208 servatus,
778 2117 855 2192 iam
884 2114 992 2192 haud
1023 2116 1140 2191 duhie
1164 2116 1373 2192 Monacum
1394 2115 1630 2207 translatus,
1659 2117 1817 2192 membr.
1841 2118 1966 2194 forma

559 2257 716 2330 octava,
736 2238 1022 2343 antiquissimus
1041 2255 1080 2316 et
1104 2239 1229 2315 nitore
1249 2239 1421 2344 insignis,
1446 2240 1619 2316 continet
1636 2241 1787 2316 Salustii
1805 2261 1843 2318 et
1863 2244 1965 2318 Cice-

559 2371 661 2438 rom's
688 2369 895 2449 invectivus,
926 2381 1084 2466 qualitor
1113 2363 1300 2439 Ciceronis
1320 2368 1504 2439 orationes
1526 2368 1565 2436 in
1591 2364 1806 2454 Cutilincun,
1832 2366 1965 2441 bellum

562 2487 816 2562 Catilinorium
844 2505 880 2562 et
903 2489 1168 2588 Iugurthimon.
1218 2487 1451 2564 Litterarum
1474 2485 1612 2563 duobis
1639 2503 1732 2564 sunt
1762 2489 1909 2564 venusti
1926 2507 1964 2564 et

559 2610 772 2701 crassiores,
793 2637 935 2714 pauca,
959 2635 1045 2712 ‹prae
1067 2609 1179 2686 facile
1194 2610 1401 2715 intelligas,
1424 2625 1635 2688 occurrunt
1651 2611 1843 2688 scribendi
1863 2641 1965 2690 com-

559 2734 725 2838 pendia;
750 2733 793 2808 id
820 2733 926 2835 quod
953 2733 1044 2807 libri
1073 2733 1344 2834 antiquitatem
1371 2749 1487 2834 atque
1513 2734 1780 2811 auctoritatem
1796 2737 1885 2813 satis
1908 2763 1966 2816 os·

560 2857 692 2931 tendit.
731 2856 847 2929 Pauci
869 2871 1021 2929 tantum
1038 2880 1165 2929 versus
1185 2853 1416 2957 antiquitate
1437 2871 1475 2930 et
1493 2880 1566 2930 usu
1586 2856 1830 2959 aliquantum
1854 2861 1967 2937 oblit—

560 2977 680 3052 terati.
714 2980 763 3051 ln
782 2976 911 3052 fronte
930 2977 1078 3052 Codicis
1100 2975 1417 3053 bibliothecarius
1438 2979 1612 3072 notavit,
1625 3008 1715 3056 eum
1740 3009 1763 3057 a
1785 2986 1968 3062 Comarco

559 3100 794 3191 Framundo,
813 3099 1031 3203 presbytero
1044 3115 1082 3174 et
1093 3102 1285 3176 monacho
1297 3103 1580 3207 Tegemseensi,
1592 3105 1698 3180 circa
1714 3105 1873 3186 initium
1887 3135 1967 3198 soec,

559 3226 623 3298 XI.
639 3223 826 3328 scriptum
847 3224 967 3300 fuisse
1005 3225 1078 3300 Sed
1094 3225 1248 3300 Salustii
1265 3223 1434 3301 historiae
1458 3225 1566 3304 houd
1584 3228 1716 3304 eadem
1734 3257 1865 3322 manu,
1888 3261 1966 3338 qua

563 3347 753 3423 Ciceronis
765 3347 970 3437 orationes,
982 3349 1133 3453 scriptae
1152 3374 1226 3424 esse
1239 3349 1426 3426 videntur.
1446 3351 1541 3428 Cod.
1551 3355 1790 3454 Erlutzgeusis
1811 3355 1890 3452 (Ac.
1903 3362 1967 3434 VI.

562 3475 604 3558 3,
622 3470 727 3566 241.)
757 3470 856 3544 circa
875 3470 1020 3544 exitum
1046 3471 1174 3546 saeculi
1196 3473 1278 3546 XII.
1299 3473 1491 3578 eleganter
1514 3475 1702 3578 scriptus,
1719 3476 1842 3555 forma
1871 3509 1967 3586 qua·

561 3593 688 3704 drata,
714 3593 863 3668 bellum
881 3593 1152 3671 Catilinorium
1164 3611 1202 3671 et
1214 3595 1491 3701 Iugurthinum
1512 3599 1703 3689 continet,
1722 3617 1761 3676 et
1775 3603 1969 3708 antiquio·

427 3819 432 3824 η
562 3743 644 3793 rem
667 3717 814 3792 librum
832 3717 944 3792 honae
959 3734 1067 3794 notae
1086 3720 1297 3824 exprimere
1312 3719 1479 3796 videtur.
1509 3721 1624 3796 Plura
1642 3721 1764 3800 hebet
1772 3726 1964 3806 scribendi

562 3840 810 3944 compendia,
841 3857 880 3915 et
905 3867 995 3916 cum
1017 3841 1062 3917 in
1077 3843 1246 3918 versibus
1268 3841 1596 3935 interfluentibus,
1627 3839 1710 3921 tum
1730 3847 1776 3923 in
1796 3853 1968 3956 margine

562 3961 710 4048 scholia·
730 3964 954 4068 permulta,
977 3967 1117 4068 quihus
1135 3965 1204 4041 vvel
1227 3991 1284 4040 res
1299 3965 1363 4040 vel·
1388 3966 1506 4041 rerba
1528 3993 1634 4043 more
1654 3985 1828 4048 veterum
1842 4003 1967 4080 gram-

563 4086 792 4167 maticorum
817 4103 855 4164 et
877 4087 1126 4193 glossatorem
1146 4086 1399 4191 explicantur.
1433 4089 1584 4164 Litterae
1608 4091 1778 4170 initiales
1802 4098 1962 4202 picturis

563 4224 654 4284 sunt
677 4225 836 4285 omatoe.
876 4211 961 4288 Sub
978 4211 1096 4290 linem
1117 4208 1312 4316 Iugurtha
1333 4209 1408 4288 hoc
1426 4211 1618 4292 distichon
1635 4215 1774 4322 legitur
1782 4251 1796 4294 ε,
