4542 5318
578 421 648 510 ²4²

578 593 856 702 suspectamque
872 591 966 681 fuit,
991 592 1181 667 incertum
1195 613 1284 665 vcro
1305 613 1357 664 an
1379 613 1449 692 per
1473 583 1749 691 neglegentiam
1767 582 1983 659 societatem

578 715 798 822 praedarum
814 743 904 792 cum
926 713 1140 790 latronibus
1159 711 1417 816 composuisse.
1430 753 1480 767 ·-
1510 735 1563 808 ¹9
1582 710 1774 813 Collegam
1794 707 1984 784 minorem
2002 767 2008 778 .

580 855 619 914 ct
636 838 695 914 sui
715 839 901 914 cultorem
920 851 1146 940 exspectans.
1171 878 1219 896 -
1247 860 1304 912 so.
1330 833 1459 930 Quam
1488 832 1675 908 maxumis
1698 831 1898 906 itineribus
1916 857 1985 933 per

581 988 742 1066 regnum
749 959 996 1036 Ariobarzani
1015 956 1215 1034 contendit
1232 955 1282 1032 ad
1299 955 1445 1031 flumen
1457 954 1715 1059 Euphratem
1739 980 1817 1055 qua
1841 954 1883 1028 in
1897 969 1985 1056 par*
2031 1019 2035 1026 .

582 1099 619 1159 te
638 1081 878 1188 Cappadocia
899 1084 949 1158 ab
967 1081 1148 1158 Annenia
1178 1079 1421 1184 disiungitur.
1461 1081 1512 1152 Et
1529 1103 1766 1181 quamquam
1786 1076 1836 1152 ad
1858 1077 1899 1151 id
1918 1102 1987 1150 na·

512 1252 516 1259 ¹
584 1230 644 1280 res
664 1205 863 1282 codicariae
884 1204 1035 1282 occulto
1056 1232 1125 1308 per
1145 1201 1311 1280 hiemem
1329 1201 1524 1278 fabricatae
1545 1200 1779 1276 aderant-
1803 1201 1985 1275 nullam·
2031 1265 2037 1273 .

582 1353 659 1429 que
676 1328 847 1433 primum
857 1331 1030 1404 Iasonem
1047 1352 1146 1402 novo
1165 1326 1301 1400 itinere
1319 1325 1416 1399 mari
1429 1329 1552 1399 Aeetae
1563 1321 1723 1426 hospitis
1738 1323 1896 1398 domum
1907 1322 1986 1398 vio.-

583 1450 747 1526 lasse.-
772 1475 828 1524 aa.
838 1451 918 1547 Qui
931 1448 1340 1553 praetergrediebantur
1353 1447 1498 1550 equites
1510 1445 1895 1550 cataphracti‚t'errca
1908 1472 1987 1520 om·

584 1573 627 1648 ni
644 1573 843 1678 specie-
868 1581 925 1649 23.
952 1573 1086 1669 Quum
1108 1571 1282 1661 interim,
1306 1570 1453 1646 lumine
1471 1570 1587 1644 etiam
1610 1584 1694 1644 tum
1713 1571 1878 1658 incerto,
1899 1567 1987 1644 duoe
2031 1655 2039 1663 ,

585 1695 723 1772 Galliae
737 1697 913 1772 mulieres
925 1712 1157 1772 conventum
1169 1695 1340 1782 vitantes,
1358 1693 1410 1768 ad
1418 1708 1610 1768 monstram
1626 1691 1805 1768 solvenda
1819 1708 1989 1768 montem

585 1818 806 1894 ascendunt.
832 1861 882 1874 -·
909 1827 965 1912 24.
990 1819 1217 1919 Pluteosque
1240 1815 1421 1892 rescindit
1444 1843 1488 1890 ac
1514 1815 1747 1890 munitiones
1762 1814 1986 1903 demolitur,

586 1939 747 2042 locoque
773 1965 924 2014 summo
947 1941 1103 2044 potitur.
1140 1983 1190 2000 -
1229 1938 1284 2012 ab.
1309 1938 1528 2013 Exercitum
1558 1937 1722 2028 dimisit,
1747 1954 1793 2012 ut
1818 1939 1988 2041 primum

586 2062 700 2164 Alpes
722 2061 904 2167 digressus
930 2077 992 2136 est
1017 2105 1067 2119 ·-
1095 2063 1151 2136 26.
1174 2059 1400 2136 Tetrarchae
1416 2087 1593 2165 regesque
1611 2060 1759 2136 territos
1782 2061 1900 2134 animi
1925 2059 1990 2134 fir-

585 2184 712 2260 mavit.
738 2231 787 2248 -
815 2212 871 2282 27.
892 2183 1015 2260 Simul
1040 2208 1101 2260 eos
1131 2199 1170 2256 ct
1192 2199 1349 2258 cunctos
1371 2183 1450 2258 iam
1483 2183 1686 2258 inclinatos
1717 2181 1871 2258 laxitate
1891 2183 1989 2268 loci,

585 2307 715 2410 plures
733 2305 906 2382 cohortes
922 2321 1039 2408 atque
1063 2331 1213 2394 omnes,
1241 2323 1286 2380 ut
1299 2305 1342 2380 in
1354 2305 1521 2381 secunda
1539 2332 1581 2382 re
1593 2306 1735 2410 pariter
1752 2331 1855 2394 acre,
1882 2307 1991 2380 iuva·
2067 2295 2071 2304 ’

586 2428 695 2502 dunt
719 2471 770 2486 -
797 2433 852 2503 28.
878 2428 928 2502 Hi
954 2428 1127 2504 locorum
1153 2428 1331 2532 perignari
1358 2445 1398 2503 et
1414 2429 1516 2504 soliti
1539 2445 1690 2508 nectere
1710 2454 1757 2504 ex
1779 2428 1988 2504 viminibus

585 2575 670 2626 vasa
690 2551 876 2654 agrestia,
900 2550 954 2625 ibi
986 2567 1092 2640 tum,
1129 2549 1235 2652 quod
1264 2551 1396 2654 inopia
1426 2567 1625 2627 scutorum
1654 2551 1802 2642 fuerat,
1826 2552 1876 2626 ad
1902 2579 1986 2627 eam

585 2689 707 2748 artem
726 2699 765 2748 se
784 2674 946 2777 quisquc
961 2673 1003 2748 in
1020 2672 1186 2748 formam
1200 2700 1343 2776 parmae
1359 2675 1540 2778 equestris
1563 2676 1744 2752 armabat
1769 2723 1821 2747 -
1848 2699 1906 2772 29„
1928 2677 1988 2750 De

585 2821 720 2898 pecore
754 2795 857 2871 coria
884 2819 1013 2871 recens
1043 2795 1212 2872 detracta
1233 2797 1354 2899 quasi}
1371 2797 1521 2900 glutino
1555 2798 1832 2874 adolescebant.
1854 2839 1905 2854 -
1931 2803 1988 2872 ὅσ.

585 2917 743 2992 Aridior
757 2917 871 2992 modo
891 2916 1123 3020 properandi
1140 2917 1270 2994 factus
1296 2967 1347 2982 -·
1374 2925 1430 2994 δι.
1457 2919 1614 2996 Consilii
1628 2947 1732 3024 aeger.
1758 2966 1811 2981 —
1839 2925 1894 2996 52.
1920 2921 1990 2994 Re-

577 3039 685 3115 morsi
700 3055 849 3144 postero
866 3038 948 3131 die,
973 3037 1118 3130 multa,
1142 3065 1228 3142 quae
1252 3058 1497 3145 properantes
1514 3041 1759 3120 deseruerant
1775 3044 1817 3118 in
1839 3043 1987 3131 castris,

584 3267 714 3330 coatus
730 3297 776 3317 -
797 3267 843 3328 15.
864 3266 900 3334 C.
914 3267 962 3328 Fr.
981 3287 1049 3348 por.
1069 3301 1111 3317 -
1145 3268 1191 3332 ι6.
1213 3269 1254 3328 id.
1276 3267 1362 3328 inter.
1382 3301 1424 3316 -
1448 3289 1493 3351 ry.
1512 3269 1642 3347 Nomi,
1660 3293 1734 3354 90⁰·
1750 3292 1807 3355 pro
1821 3263 1986 3334 videbator.

583 3390 632 3450 ap.
648 3369 784 3431 Gotbolr.
800 3371 961 3432 babebotto
973 3375 1088 3455 legitur.
1108 3405 1150 3421 -
1174 3373 1476 3445 18.Non.4‚62.·-
1499 3395 1545 3456 ¹9·
1566 3374 1602 3435 G.
1615 3374 1832 3442 Facultom-
1853 3378 1990 3439 so-Non.

589 3476 642 3544 rt,
657 3492 704 3530 rs.
723 3473 923 3556 Ariobarzani
940 3477 1061 3557 legitur,
1082 3476 1167 3558 quod
1183 3476 1399 3558 reponendum.
1420 3508 1462 3524 -
1492 3497 1538 3537 ιι.
1561 3481 1649 3544 Prisc.
1662 3481 1703 3555 6,'
1717 3501 1749 3540 ιι
1756 3523 1770 3556 ,
1792 3482 1860 3542 258.
1873 3513 1914 3529 -
1936 3503 1986 3548 η.

583 3573 662 3635 Non.
682 3577 734 3650 18,
748 3577 799 3637 2⁸.
817 3607 859 3624 -
882 3577 930 3644 23.
944 3579 1023 3639 Non.
1038 3582 1073 3656 8,
1095 3583 1143 3662 76.
1163 3613 1205 3628 -
1228 3583 1274 3653 al.
1291 3581 1369 3642 Non.
1389 3601 1424 3654 a,
1443 3583 1510 3652 rol.
1529 3615 1571 3630 -
1594 3585 1643 3643 25.
1663 3581 1698 3644 C.
1715 3589 1761 3646 Fr.
1773 3586 1854 3665 ἀίει.
1873 3617 1915 3633 -
1935 3587 1985 3648 26.

582 3679 624 3744 id.
645 3680 775 3744 imitus.
793 3711 837 3730 -·
854 3701 907 3762 ²7·
928 3681 1007 3742 Non.
1026 3686 1144 3764 amp.
1165 3683 1199 3744 in
1211 3705 1266 3746 teo.
1280 3681 1314 3744 in
1329 3705 1378 3765 ap.
1393 3683 1485 3744 Goth.
1504 3688 1655 3746 ominum.
1672 3723 1716 3742 -
1737 3688 1785 3750 28.
1803 3688 1848 3748 id.
1868 3691 1917 3762 18,
1938 3690 1983 3762 ιζ.

577 3785 727 3864 pergrmrs'
735 3787 861 3846 coniecit
875 3785 984 3847 Doun.
1001 3787 1118 3868 pcrs'grn.
1133 3791 1233 3870 vulgo.
1252 3820 1295 3836 -
1324 3808 1371 3870 ²9·
1392 3787 1472 3852 Serv.
1482 3789 1520 3848 ad
1535 3789 1641 3873 ὥστε.
1656 3797 1693 3870 3„
1708 3794 1774 3853 ι55.
1795 3793 1844 3854 scd
1857 3793 1895 3853 ad
1910 3793 1986 3855 dcn'.

581 3907 620 3969 7,
640 3889 718 3950 6522
740 3889 793 3969 qui
805 3891 843 3950 de
863 3889 1069 3970 sirmiensem
1083 3901 1168 3954 acido
1186 3892 1345 3952 swntsbro
1364 3893 1506 3952 detractis
1524 3895 1613 3954 ccn'is
1632 3895 1719 3973 mansi
1730 3895 1852 3981 ςὶιιιίιισλ
1864 3897 1983 3958 odoles-

579 3993 683 4052 cebant
703 3990 828 4076 Philarg.
838 3993 877 4059 ad
892 3991 997 4078 Georg.
1009 3994 1043 4068 l,
1054 3998 1103 4068 ko.
1125 3993 1177 4054 hic
1188 3991 1309 4054 Ghttino
1319 3996 1501 4056 adolescebat
1521 3995 1634 4057 Charis.
1645 4020 1676 4078 p.
1689 3999 1738 4080 67.
1750 4011 1779 4082 et
1793 4001 1909 4080 106..‚
1929 4001 1980 4063 30.

580 4093 615 4153 c.
629 4099 676 4156 rr.
691 4095 852 4156 mua...
871 4097 921 4158 31.
940 4117 1027 4176 ege.
1040 4132 1082 4146 -
1101 4097 1287 4174 aaran,
1304 4099 1423 4160 ιιι-
1443 4101 1493 4162 aa.
1514 4101 1556 4178 id.-
1569 4102 1604 4172 t,
1620 4104 1737 4162 „a-
1756 4101 1807 4174 aa.
1826 4105 1915 4182 ιιι,
1929 4081 1998 4172 eo.-

577 4231 620 4249 -
642 4197 790 4258 55.c.1·¹r.
809 4221 934 4280 emergo.
956 4201 1005 4264 36.
1023 4203 1066 4261 id.
1082 4201 1256 4283 propinquo.
1268 4241 1312 4256 -
1331 4203 1380 4286 37.
1402 4205 1480 4264 Non.
1496 4207 1530 4280 ζ,
1542 4205 1662 4267 355..-
1682 4205 1732 4273 38.
1754 4205 1790 4268 C.
1801 4207 1849 4268 Fr.
1865 4199 1980 4289 potem.

576 4301 674 4386 ..39.
684 4301 727 4362 id.
741 4303 825 4366 altat.
847 4306 971 4388 detegi
986 4306 1227 4368 incitabatur.
1247 4307 1316 4369 alts't
1326 4307 1434 4372 adiecit
1444 4308 1559 4384 Douna3
1577 4309 1658 4392 qnod
1673 4301 1978 4393 probo-'dodach-
