4582 5320
1632 459 1702 545 113

301 638 465 744 pecunia
489 654 672 742 temptare
692 635 887 740 bellique,
918 637 1025 739 quod
1048 637 1359 732 administrabat,
1383 641 1623 746 asperitatem
1646 627 1704 720 os-

301 763 454 840 tendere
468 763 603 867 coepit:
628 763 778 836 animus
793 785 890 864 aeger
906 761 1062 836 avaritia
1080 762 1190 840 saeile
1207 789 1408 840 convorsus
1427 783 1491 840 est,
1525 767 1702 844 Ceterum

299 886 421 968 socius
464 903 503 962 et
533 885 759 961 administer
796 883 971 958 omnium
1000 885 1247 961 consiliorum
1276 886 1492 962 adsumitur
1518 891 1701 967 Scaurus:

299 1009 368 1114 qui
396 1009 543 1086 umetsi
568 1037 596 1099 a
629 1007 850 1113 principio,
888 1006 1080 1111 plerisque
1112 1036 1158 1083 ex
1187 1009 1353 1084 {actione
1380 1009 1461 1086 eius
1495 1015 1702 1117 corruptis,

300 1159 497 1214 acerrume
527 1158 653 1236 iugem
685 1132 1008 1234 impugnaverat3
1041 1147 1168 1206 tamen
1196 1131 1462 1236 magnitudine
1486 1128 1701 1237 pecuniaea

302 1255 404 1332 bono
422 1254 658 1356 honestoque
676 1254 717 1327 in
736 1279 897 1357 pravum
917 1252 1127 1328 abstractus
1143 1269 1205 1330 est.
1239 1255 1311 1329 Sed
1329 1254 1514 1359 Iugurtha
1530 1259 1702 1361 primum

303 1379 570 1458 tantummodo
585 1377 678 1452 belli
694 1404 840 1451 moram
853 1375 1081 1468 redimebat,
1091 1378 1340 1466 existumans,
1355 1401 1430 1454 sese
1444 1378 1594 1482 aliquid
1606 1382 1703 1456 inte-

303 1501 376 1594 rim
395 1505 523 1578 Romae
537 1501 659 1604 pretio
673 1515 742 1574 aut
762 1500 882 1602 gratia
902 1500 1145 1577 effecturum:
1162 1521 1290 1606 postea
1309 1529 1396 1578 vcro
1411 1529 1528 1604 quam
1546 1506 1701 1608 partici-

301 1650 389 1729 pem
414 1624 554 1730 negotii
573 1624 761 1698 Scaurum
780 1621 952 1725 accepit:
977 1622 1018 1697 in
1031 1649 1251 1702 maxumam
1266 1650 1372 1728 spem
1392 1625 1578 1701 adductus
1595 1653 1703 1703 recu-2

301 1748 480 1852 parandae
489 1748 606 1852 pacis,
624 1746 757 1821 statuit
769 1772 859 1820 cum
875 1743 927 1821 eis
939 1744 987 1819 de
1002 1746 1180 1821 omnibus
1194 1747 1436 1850 pactionibus
1446 1775 1608 1852 praesens
1619 1777 1704 1854 age·

301 1896 351 1947 re.
379 1873 556 1946 Ceterum
572 1870 715 1946 interea
730 1867 818 1944 fidei
830 1893 959 1942 caussa
977 1869 1149 1944 mittitur
1162 1897 1184 1944 a
1197 1870 1517 1947 ConsuleSextius
1529 1873 1705 1969 Quaestor

303 1993 345 2069 in
379 1993 566 2100 oppidum
596 1989 791 2096 Iugurthae
817 1994 1005 2066 Vaccam:
1040 1992 1151 2068 cuius
1188 1992 1242 2066 rei
1265 1993 1404 2098 species
1423 2009 1509 2069 crat
1535 1996 1705 2099 acceptio

303 2115 506 2207 frumenti,
532 2116 638 2219 quod
660 2111 890 2216 Calpurnius
914 2113 1044 2217 palam
1061 2114 1191 2219 legatis
1209 2115 1486 2220 imperaverat:
1518 2119 1704 2222 quoniam

302 2239 506 2316 deditionis
533 2266 639 2314 mora
670 2235 839 2313 inducite
863 2235 1117 2340 agitabantur.
1170 2237 1293 2342 Igitur
1311 2267 1394 2329 rex,
1418 2239 1479 2334 uti
1499 2242 1705 2320 constitue·

304 2379 379 2454 rat,
405 2363 447 2438 in
469 2379 590 2438 castra
609 2360 739 2454 venit3
764 2385 809 2434 ac
828 2386 951 2462 pauca
983 2361 1159 2462 praesenti
1185 2362 1343 2438 consilio
1366 2361 1517 2439 locutus
1536 2364 1585 2439 de
1608 2367 1705 2443 inri-

305 2485 366 2562 dia
387 2485 482 2560 facti
505 2485 565 2560 sui
591 2501 708 2587 atque
733 2481 792 2556 uti
813 2482 857 2556 in
885 2481 1119 2558 deditionem
1148 2486 1384 2588 acciperetur
1391 2515 1403 2579 ;
1435 2486 1583 2588 reliqua
1614 2517 1704 2566 cum

304 2609 423 2686 &otia
443 2625 482 2685 et
500 2610 643 2684 Scauro
657 2621 800 2682 secreta
820 2604 1018 2710 transigit:
1045 2605 1134 2682 dein
1156 2623 1306 2710 postero
1327 2605 1407 2698 die,
1432 2609 1541 2711 quasi
1556 2636 1627 2714 per
1645 2635 1704 2688 sa-

304 2747 430 2808 turam
449 2731 642 2835 exquisitis
662 2727 878 2818 sententiis,
900 2727 943 2803 in
963 2727 1197 2803 deditionem
1226 2729 1422 2834 accipitur.
1460 2731 1533 2806 Sed
1547 2734 1606 2808 uti
1631 2761 1703 2837 pro

303 2857 461 2933 consilio
486 2855 718 2958 imperatum
742 2867 848 2943 erat,
880 2849 1078 2956 elephanti
1104 2853 1285 2959 triginta,
1319 2879 1433 2957 pecus
1463 2869 1579 2958 atque
1611 2857 1704 2958 equi

305 2979 442 3069 multi,
467 3004 557 3053 cum
575 3003 691 3081 parvo
713 2974 860 3080 argenti
888 2973 1058 3078 pondere
1078 2976 1266 3074 Quaestori
1286 2977 1506 3053 traduntur:
1542 2977 1703 3084 Calpur-

305 3171 429 3242 totth.
458 3174 632 3236 administer
651 3175 747 3235 ceteri.
766 3173 865 3254 primo
884 3171 970 3235 Febr.
989 3174 1085 3237 Strur·
1113 3176 1174 3236 inc.
1192 3195 1217 3238 ι.
1242 3173 1302 3234 Erl.
1330 3173 1392 3240 Bas.
1404 3174 1433 3246 4.
1453 3175 1523 3236 Τιιι.
1548 3175 1704 3257 rathbrid

304 3281 417 3346 Fabric.
436 3259 532 3344 Strur.¹
551 3279 619 3362 Teg.
639 3277 709 3338 Tur.
729 3287 881 3358 aaoeperm
900 3277 1047 3342 Commel.
1066 3279 1179 3358 aliquot
1190 3278 1308 3353 Wassii,
1327 3279 1490 3339 trcsGuels.
1517 3279 1631 3346 Febris.
1651 3281 1704 3359 dc·

304 3387 399 3448 Strur.
419 3381 527 3466 αοοίρίι
544 3385 613 3446 vin.
631 3403 658 3444 a·
678 3383 789 3462 aconis
808 3383 905 3443 ceteri.
923 3401 993 3443 eum
1004 3382 1044 3442 σίι
1059 3402 1120 3441 οιιι.
1134 3380 1231 3445 Guelf.
1242 3381 1272 3453 4.
1291 3401 1361 3442 enm
1373 3381 1419 3443 tt
1435 3383 1503 3448 Tur.
1519 3381 1621 3448 Vacca
1634 3385 1706 3470 Τις.

305 3491 367 3552 Bas.
379 3491 445 3562 ι.4.
464 3488 534 3554 Tur.
554 3487 640 3548 Bern.
656 3508 680 3546 ι.
696 3491 724 3551 3.
748 3485 835 3564 Vaga
854 3484 943 3544 Palat.
962 3484 1104 3554 meliores.
1124 3483 1250 3554 Sextius.
1270 3486 1308 3565 Q.
1328 3485 1433 3548 Seruis
1457 3487 1544 3549 Fabr.
1559 3510 1588 3550 ι.
1607 3490 1706 3560 Struv.

305 3597 371 3658 San.
386 3615 413 3662 a.
434 3594 533 3654 Heuss.
554 3591 653 3652 Guelf.
666 3611 712 3651 ιι.
733 3593 792 3650 inc.
811 3589 907 3650 Struv.
926 3587 1033 3649 Fraus.
1052 3587 1190 3669 transigit
1208 3589 1278 3651 Naz.
1304 3589 1336 3650 B.
1347 3592 1419 3655 Pub.
1438 3593 1500 3653 Bas.
1515 3616 1540 3653 ι.
1561 3595 1658 3658 Guelf.
1674 3617 1704 3658 a.

304 3698 457 3763 laidet.
469 3720 501 3759 ιι.
520 3697 605 3758 Bern.
622 3718 648 3756 ι.
663 3695 692 3756 ὅ.
712 3690 855 3774 transegit
870 3693 966 3754 cauri.
986 3701 1094 3753 secrato
1113 3691 1199 3752 Fabr.
1211 3715 1238 3760 a.
1258 3695 1377 3756 Vtata.
1404 3697 1472 3758 Vin.
1485 3718 1512 3758 a.
1532 3697 1585 3759 Aa.
1606 3697 1704 3762 Guclt.

308 3807 336 3870 3.
359 3823 388 3870 ι.
410 3825 450 3869 m.
463 3823 519 3864 sec.
545 3800 682 3881 prasenti
699 3800 755 3860 loc.
775 3798 877 3860 comici.
902 3797 973 3858 Tur.
992 3786 1077 3858 Bam.
1095 3818 1122 3857 1.
1148 3796 1287 3876 asiscati
1311 3800 1396 3862 Bern.
1415 3821 1440 3860 1.
1467 3799 1592 3860 satiram
1611 3801 1703 3880 legem

307 3907 375 3975 Eae.
394 3907 491 3968 cusu
504 3929 532 3990 7.
545 3927 575 3988 9.
593 3927 640 3967 ιο.
657 3927 702 3966 ιι.
721 3924 769 3965 ιι.
787 3904 857 3966 vin.
875 3892 901 3962 a.
929 3903 1010 3974 Vrat.
1022 3923 1051 3969 a.
1064 3905 1092 3965 3.
1110 3900 1207 3966 Struv.
1227 3904 1287 3963 inc.
1299 3923 1328 3963 a.
1352 3903 1437 3964 Rem.
1451 3923 1477 3964 ι.
1497 3902 1600 3964 Franc.
1619 3901 1702 3967 Laid.
1805 3937 1810 3946 ·

303 4014 382 4073 -1.ιιι.
402 4009 462 4078 Erl.
491 4009 616 4085 tems.
647 4009 702 4070 l.s.
727 4003 899 4069 ustauh.
928 4004 1052 4067 Barna.
1083 4004 1214 4086 impert.
1243 4005 1328 4066 Rem.
1341 4026 1367 4067 1.
1397 4007 1481 4071 Bern.
1499 4028 1525 4068 1.
1556 4007 1702 4070 nanctus

302 4135 408 4202 parvo.
420 4125 511 4180 autc.
527 4135 597 4197 up.
617 4113 814 4196 Guelt9.11.
829 4130 876 4174 ra.
896 4109 963 4173 Ecc.
982 4109 1078 4180 Strur.
1098 4110 1202 4174 incon.
1222 4109 1378 4176 trattati.
1398 4109 1511 4174 Fabric.
1523 4129 1551 4174 ι.
1570 4109 1656 4174 Rem.
1675 4133 1701 4180 1.

1337 4249 1382 4336 15
