4582 5320
637 471 686 549 58

639 666 709 736 aut
726 651 841 728 nimis
860 677 971 758 grove
993 651 1035 726 in
1052 649 1228 726 homines
1245 647 1345 725 tanti
1364 648 1543 726 facinoris
1559 647 1774 726 convictos?
1798 646 1866 724 Sin
1880 648 1972 751 quia
1989 647 2039 724 le·

640 776 724 852 rius
739 808 760 870 3-
779 777 848 879 qui
872 775 1050 850 convenit
1072 773 1120 848 in·
1137 773 1287 848 minore
1309 772 1461 877 negotio
1484 771 1604 876 legem
1630 771 1784 866 timere,
1814 800 1939 876 quum
1957 799 2040 848 eam

567 967 574 976 .
640 898 684 978 in
704 900 846 974 maiore
861 898 1091 1003 neglexeris?
1114 900 1165 972 At
1183 895 1288 971 enim
1313 895 1399 998 quis
1427 894 1694 999 reprehendet,
1720 895 1825 998 quod
1847 896 1888 970 in
1919 898 2039 1001 parri·

641 1021 743 1100 eides
767 1021 988 1127 reipublicae
1007 1020 1203 1098 decretum
1222 1019 1318 1095 erit?
1346 1035 1511 1122 tempus,
1534 1018 1631 1108 dieo,
1655 1019 1830 1109 fortuna,
1855 1021 1964 1095 cuius
1981 1021 2039 1096 lu

639 1145 731 1221 bido
753 1146 929 1252 gentibus
948 1143 1177 1220 moderatur.
1214 1143 1295 1218 Illis
1318 1143 1454 1218 merito
1471 1143 1631 1234 accidet,
1657 1143 1844 1246 quicquid
1860 1145 2038 1220 evenerit:

640 1286 808 1345 ceterum
832 1295 913 1360 vos,
938 1273 1064 1342 Patres
1086 1266 1312 1370 conscripti,
1338 1259 1434 1370 quid
1458 1264 1500 1339 in
1524 1265 1616 1340 alios
1642 1267 1835 1358 statuatis,
1870 1267 2038 1344 conside·

640 1408 730 1468 rate.
766 1393 908 1468 Omnia
932 1391 1032 1466 mala
1053 1375 1224 1494 exempla
1241 1417 1287 1464 ex
1300 1390 1411 1464 bonis
1430 1406 1512 1464 orta
1535 1405 1644 1463 sunt:
1669 1388 1733 1464 sed
1748 1389 1816 1464 ubi
1834 1389 2037 1495 imperium

640 1515 691 1590 ad
713 1515 886 1620 ignaros,
909 1532 981 1590 aut
1006 1514 1133 1589 minus
1158 1514 1277 1587 bonos
1304 1513 1495 1617 pervenit3
1520 1539 1663 1587 novum
1695 1512 1795 1589 illud
1823 1516 2038 1620 exemplum

639 1639 688 1716 ab
706 1639 829 1743 dignis
849 1656 887 1713 et
905 1639 1050 1714 idoneis
1080 1636 1129 1712 ad
1148 1634 1324 1739 indignos
1349 1651 1387 1708 et
1409 1661 1489 1709 non
1511 1635 1666 1710 idoneos
1688 1635 1922 1712 transfertur.
1969 1643 2035 1714 La·

639 1761 883 1851 cedaernonii,
909 1760 1064 1835 devictis
1080 1757 1396 1846 Atheniensibus,
1422 1757 1577 1862 triginta
1596 1758 1695 1834 viros
1720 1760 1947 1864 imposuere,
1971 1765 2036 1868 qui

639 1883 918 1986 rempublicam
950 1909 1083 1958 eorum
1116 1897 1332 1956 tractarent
1390 1881 1441 1955 Hi
1479 1882 1605 1984 primo
1642 1910 1790 1988 coepere
1824 1911 2040 1989 pessumum

585 1987 587 1994 s
641 2031 832 2108 quemque
864 2023 902 2080 et
931 2005 1109 2079 omnibus
1140 2004 1303 2080 invisum
1327 2005 1595 2080 indemnatum
1620 2033 1774 2098 necare,
1798 2035 1840 2082 ea
1874 2010 2039 2115 populus

640 2127 762 2202 laetari
782 2129 970 2204 etmerito
991 2129 1116 2211 dicere
1134 2127 1225 2203 fieri.
1258 2132 1358 2218 Post,
1384 2128 1453 2202 ubi
1485 2128 1690 2234 paullatim
1719 2129 1874 2224 licentia
1903 2137 2039 2226 crevit,

641 2250 748 2326 bruta
771 2251 892 2327 bonos
910 2267 948 2326 et
967 2251 1087 2325 malos
1113 2251 1329 2327 lubidinose
1351 2251 1580 2342 interlicere,
1605 2270 1746 2329 eeteros
1766 2271 1872 2330 metu
1895 2273 2039 2335 terrere

640 2376 697 2452 Ita
723 2374 869 2464 civitas,
901 2376 1081 2449 servitute
1110 2399 1301 2478 oppressa,
1323 2376 1449 2450 stulte
1472 2375 1614 2450 laetitiae
1638 2379 1759 2482 gravis
1779 2405 1906 2482 paenas
1928 2381 2040 2458 dedit

514 2497 517 2502 ’
639 2497 773 2572 Nostra
797 2498 997 2588 memoria,
1020 2497 1141 2572 victor
1164 2498 1287 2589 Sulla,
1314 2525 1436 2600 quum
1447 2501 1727 2604 Damasippum
1746 2518 1784 2577 et
1801 2501 1894 2578 alios
1908 2502 2040 2582 huius-

638 2620 760 2712 modi,
787 2621 855 2723 qui
879 2621 981 2697 malo
1008 2622 1229 2724 reipublicae
1261 2637 1478 2711 creverant,
1506 2611 1671 2727 iugulari
1696 2625 1929 2730 iussit,.quis
1961 2655 2041 2704 non

638 2743 784 2826 factum
804 2745 1111 2821 eiuslaudabatl
1136 2745 1310 2821 homines
1329 2745 1498 2820 scelestos
1523 2761 1566 2821 et
1581 2745 1771 2837 factiosos,
1798 2751 1866 2853 qui
1890 2751 2042 2828 seditio·

527 2949 530 2956 ,
640 2868 755 2944 nibus
784 2869 1063 2972 rempublicam
1085 2870 1391 2974 exagitaverant,
1424 2869 1560 2944 merito
1593 2889 1744 2948 necatos
1772 2873 1935 2950 aiebant
1972 2875 2043 2952 Sed

639 3055 681 3106 at
699 3066 761 3106 om.
774 3047 894 3108 Lettt.
921 3049 1110 3128 gravanime
1140 3048 1225 3108 Febr.
1239 3067 1267 3111 2.
1287 3047 1356 3130 Teg.
1378 3047 1464 3108 leuius
1476 3058 1527 3109 est.
1548 3059 1592 3110 est
1609 3052 1694 3112 Febr.
1711 3071 1737 3112 a.
1760 3075 1839 3114 man.
1854 3075 1911 3118 sec.
1925 3053 2041 3130 adiecit,

639 3149 721 3214 deest⁴
737 3151 817 3212 leid.
835 3153 863 3212 k.
894 3153 967 3231 quid
980 3154 1114 3216 conuenit
1141 3154 1208 3213 Ere.
1229 3153 1330 3212 Vinar.
1345 3173 1374 3214 a.
1395 3153 1492 3214 Gueli.
1510 3176 1577 3236 ²·9·
1593 3178 1637 3216 ιι.
1661 3157 1724 3218 Bas.
1740 3180 1765 3218 ι.
1787 3157 1872 3218 Rem.
1886 3179 1914 3218 a.
1936 3161 1996 3222 inc.
2011 3181 2039 3222 a.

640 3265 698 3314 eta
721 3257 930 3318 correctoribus
946 3257 1031 3318 Febr.
1050 3280 1076 3319 ι.
1098 3258 1196 3320 Guoll'.
1214 3280 1238 3317 ι.
1257 3279 1302 3318 ιι.
1323 3258 1406 3319 Leid.
1419 3279 1459 3326 m.
1480 3263 1627 3340 quomodo
1642 3281 1724 3322 cono.
1756 3263 1814 3322 Erl.
1836 3263 1947 3326 occulit
1973 3266 2040 3326 vin.

643 3376 670 3425 r,
691 3357 804 3418 Fabric.
822 3382 847 3420 1·
868 3360 952 3422 Rem.
972 3383 998 3421 1.
1018 3365 1115 3427 Sonat.
1132 3384 1160 3424 a.
1182 3362 1280 3427 Guels.
1299 3365 1365 3436 ud.
1379 3365 1408 3424 5.
1420 3365 1449 3426 6.
1470 3364 1504 3426 iu
1519 3365 1689 3445 parricidas.
1709 3365 1771 3426 Bet.
1783 3366 1813 3428 3.
1832 3387 1870 3428 ea
1886 3369 1969 3430 rebus
1983 3372 2042 3431 clo-

640 3459 764 3522 mestt'cis
777 3471 845 3520 orto
857 3471 934 3526 sunt
954 3465 995 3524 sic
1016 3467 1172 3527 edidenmt
1189 3466 1329 3528 Gruterus
1336 3479 1370 3530 ct
1380 3469 1522 3544 Wassitu3
1544 3446 1721 3534 confirmant
1731 3471 1828 3532 Guelf.
1844 3493 1871 3532 ι.
1885 3472 1918 3536 3.
1931 3475 1959 3539 5.
1973 3475 2041 3535 vin.

643 3583 669 3623 1.
690 3564 880 3643 pluresLeid.
901 3569 981 3626 dom.
1002 3568 1060 3628 reb.
1087 3569 1157 3630 Tur.
1177 3591 1203 3632 ι.
1235 3591 1273 3632 ea·
1286 3572 1369 3634 bortis
1386 3573 1477 3636 initiis
1501 3575 1706 3643 Editdldine.
1733 3577 1831 3643 ouett
1845 3601 1874 3660 7.·
1893 3580 1996 3645 incert.
2015 3601 2040 3641 1.

639 3665 720 3729 Leid.
733 3689 774 3727 m.
792 3665 904 3731 bont,
925 3669 1012 3730 Rern.
1026 3693 1051 3732 1.
1070 3693 1096 3737 a.
1117 3693 1155 3732 ex
1171 3675 1252 3736 robus
1265 3676 1357 3736 bonis.
1379 3677 1441 3738 Bas.
1458 3700 1484 3738 1.
1501 3699 1529 3740 a.
1541 3679 1570 3752 l.
1591 3691 1686 3762 uterq.
1709 3681 1822 3748 Fabrio.
1843 3683 1962 3750 Eeoard.
1983 3685 2042 3746 Erl.

585 3815 588 3822 ,
638 3771 1117 3851 Pansa.b.0.d.(ine.‚u1.eid.
1136 3778 1207 3844 d.,e.
1222 3777 1253 3839 h.
1274 3779 1337 3845 Bas.
1353 3786 1381 3844 3.
1402 3781 1477 3842 ordo
1493 3784 1644 3862 mutatur.)
1664 3786 1723 3846 inc.
1740 3807 1767 3846 a.
1787 3785 1877 3848 dead.
1891 3789 1998 3850 ,Vinan
2014 3811 2042 3852 ι.

639 3873 739 3944 Hense.
767 3875 863 3940 strar.
892 3877 1284 3964 cuett.2.t.8.9.10.12.
1313 3885 1397 3949 tem.
1419 3888 1561 3962 aleid.
1572 3911 1600 3949 a.
1611 3887 1725 3954 h.e.,d.
1738 3893 1829 3952 eti.
1845 3891 1874 3952 t.
1887 3895 1909 3952 1.
1939 3914 2042 3955 omnes

636 3977 739 4049 Wassii
761 3979 838 4041 libai.
872 4001 909 4042 ea
922 3981 1014 4045 bonas.
1035 3985 1132 4048 Guoli.
1150 4008 1198 4051 ιι.
1217 3989 1303 4051 Febr.
1319 4011 1343 4052 ι.
1363 3992 1396 4050 in
1414 3994 1544 4075 margine
1561 3995 1648 4056 Patet.
1664 3997 1693 4056 8.
1706 4015 1796 4076 9..ro.
1822 3995 1905 4058 tono
1923 4017 1961 4060 ca
1983 4001 2043 4082 ret,

637 4083 810 4151 domesticae.
824 4085 928 4152 Δ(ἶιιιιΙί.
944 4089 974 4147 6.
993 4091 1036 4150 cd
1046 4089 1182 4170 tenatos:
1193 4094 1271 4162 ‚cives
1290 4096 1407 4158 addunt
1419 4117 1522 4166 omues
1536 4099 1595 4160 lere
1606 4099 1705 4164 Gauii
1722 4099 1806 4172 libri,
1821 4100 1905 4162 Leid.
1920 4101 1953 4163 d.
1966 4101 1998 4163 b.
2011 4105 2040 4164 k.

638 4205 680 4252 m·
694 4203 725 4244 n·
746 4185 815 4258 Bas,
827 4210 859 4257 ι..
873 4190 1003 4270 ignauos.
1023 4194 1120 4256 Gueli.
1135 4218 1205 4279 7·*9·
1220 4220 1267 4264 ιο.
1286 4221 1332 4276 ιι.
1348 4201 1477 4278 Fabra-
1496 4202 1566 4264 vin.
1579 4207 1687 4272 minc.
1702 4227 1731 4275 ι.
1751 4204 1815 4264 Bet.
1829 4205 1988 4272 3.,‚notttm
2000 4208 2040 4268 il-

638 4287 692 4346 lud
707 4293 829 4370 exempl.
849 4293 925 4356 illud
938 4317 999 4361 om.
1014 4298 1101 4360 Fabr.
1123 4321 1150 4362 a.
1171 4304 1337 4385 cacaplmn
1352 4307 1436 4371 omis.
1462 4305 1559 4368 Guelf.
1574 4309 1642 4374 to.
1676 4311 1815 4391 rempubl.
1831 4329 1933 4370 eoram
1951 4332 2039 4394 pron.
2170 4375 2178 4389 ,

638 4393 721 4468 omit,
736 4393 838 4480 strar.
849 4395 954 4472 finali.
966 4401 996 4462 6.
1010 4402 1097 4476 ,Βοιὼ
1108 4425 1135 4478 c,
1149 4405 1377 4532 ¹iodaqanqlttot·
1397 4411 1467 4482 Vin·
1483 4433 1511 4476 t·
1531 4411 1631 4482 Hense·
1651 4411 1719 4483 Est.
1735 4414 1841 4484 Caeli.
1852 4435 1880 4480 a.
1899 4435 1945 4478 ιο.
1963 4436 2040 4496 gro-

1275 4617 1285 4803 l

1283 4819 1288 4893 ¹.
