4560 5338
1633 507 1706 579 253

299 694 438 780 praeter
458 705 564 783 spem
587 680 733 754 bonam
758 703 804 752 ex
827 675 950 767 vobis,
976 702 1061 780 quae
1083 695 1229 754 metum
1256 677 1368 770 vicit,
1392 679 1508 754 statui
1529 682 1704 758 certami-

301 801 360 874 nis
378 801 534 876 advorsa
556 829 627 905 pro
649 801 824 876 libertate
844 799 993 901 potiora
1014 826 1090 876 esse
1103 801 1289 876 fortiviro
1309 830 1427 905 quam
1440 805 1600 904 omnino
1621 831 1703 886 non

303 925 505 998 certavisse.
533 925 781 1025 Quamquam
801 935 931 996 omnes
950 921 1019 998 alii
1035 924 1152 998 creati
1168 951 1238 1027 pro
1256 925 1339 1000 iure
1358 943 1479 1002 vestro
1494 929 1571 1002 vim
1585 953 1703 1004 cuno·

298 1062 376 1120 tam
398 1065 437 1123 et
461 1048 621 1151 imperia
640 1073 708 1122 sua
727 1044 862 1150 gratia,
888 1061 957 1119 aut
978 1071 1065 1150 spe,
1087 1063 1156 1123 aut
1175 1049 1341 1152 praemiis
1359 1049 1401 1123 in
1423 1077 1487 1126 vos
1506 1067 1703 1126 convorte-

298 1193 339 1244 re
356 1173 567 1274 meliusque
585 1169 741 1254 babent,
765 1167 938 1244 mercede
962 1169 1186 1272 delinquere
1210 1197 1329 1272 quum
1352 1172 1467 1274 gratis
1484 1189 1584 1248 recte
1604 1172 1703 1248 face·

297 1320 347 1368 re.
386 1297 521 1397 ltaque
543 1319 673 1368 omnes
690 1317 902 1366 concessere
912 1292 991 1366 ‘iam
1004 1292 1046 1366 in
1064 1318 1278 1395 paucorum
1297 1293 1616 1385 dominationem,
1632 1297 1702 1398 qui

217 1501 222 1510 .
296 1443 367 1520 per
401 1417 568 1491 militare
594 1441 756 1504 nomen,
780 1414 978 1505 seranum,
1013 1405 1217 1506 mercibus,
1243 1442 1376 1521 regna,
1400 1419 1616 1520 provincias
1641 1445 1704 1494 oo·

297 1565 499 1642 superero,
524 1554 563 1612 et
581 1535 879 1612 ercem'babent
896 1564 943 1612 ex
962 1538 1092 1640 spoliis
1117 1536 1267 1650 vestris:
1292 1566 1416 1643 quum
1442 1540 1597 1616 iuterim
1621 1567 1702 1618 mo-

296 1689 337 1736 re
368 1689 551 1765 pecorum
581 1687 645 1736 vos
674 1659 885 1734 multitudo
903 1659 1062 1766 singulis
1093 1657 1290 1736 habendos
1322 1661 1581 1764 fruendosque
1604 1688 1702 1768 prae-

295 1784 409 1875 betis,
434 1785 555 1861 exsuti
585 1783 783 1874 omnibus,
808 1809 895 1886 quae
924 1783 1083 1858 maiores
1110 1784 1327 1888 reliquere:
1364 1784 1437 1859 nisl
1462 1784 1554 1887 quia
1579 1786 1701 1861 vobis·¹

293 1923 372 1982 met
399 1908 471 2012 ipsi
500 1933 569 2010 per
592 1907 790 2012 suffragia,
816 1905 875 1980 uti
906 1906 1081 2010 praesides
1112 1907 1226 1998 olim,
1252 1934 1362 1983 nunc
1386 1907 1562 1998 dominos
1586 1907 1701 1984 desti·

294 2031 401 2106 natis.
451 2035 586 2132 Itaque
618 2055 831 2105 concessere
855 2029 936 2105 illic
962 2056 1118 2105 ornnes:
1143 2048 1182 2106 et
1207 2057 1315 2122 mox,
1338 2031 1369 2106 si
1396 2047 1516 2106 vestra
1550 2057 1700 2136 recepe-

293 2154 401 2244 ritis,
425 2153 562 2228 advos
591 2154 776 2228 redibunt
796 2152 979 2256 plerique
1029 2153 1136 2228 Raris
1166 2154 1271 2228 enim
1300 2152 1452 2228 animus
1479 2169 1534 2228 est
1555 2153 1606 2230 ad
1633 2181 1696 2245 ea,

292 2301 378 2378 quae
400 2275 576 2379 placent,
600 2275 848 2351 defendenda.
901 2275 1023 2349 Ceteri
1051 2274 1282 2350 validiorum
1303 2290 1402 2352 sunt.
1452 2279 1514 2350 An
1533 2275 1699 2353 dubium

290 2396 467 2488 habetis,
500 2424 551 2472 ne
581 2397 744 2472 obiicere
771 2397 868 2499 quid
888 2397 994 2472 vobis
1025 2424 1107 2472 uno
1132 2398 1263 2474 animo
1284 2399 1530 2504 pergentibus
1560 2400 1697 2502 possit,

292 2546 387 2622 quos
426 2519 626 2621 languidos
658 2519 906 2620 socordesque
941 2519 1212 2622 pertimuere?
1256 2522 1331 2595 nisi
1362 2521 1460 2596 sorte
1492 2524 1530 2596 G
1553 2524 1697 2615 Cotta,

290 2641 525 2717 exsectione
549 2639 674 2714 media
707 2639 870 2730 Consul,
900 2640 1011 2714 aliter
1034 2667 1152 2740 quam
1173 2657 1281 2715 metu
1308 2642 1392 2716 iura
1422 2643 1600 2744 quaedam
1628 2645 1694 2720 tri-

290 2763 406 2841 bunis
428 2763 554 2868 plebei
583 2762 748 2837 restituit
761 2787 772 2852 ς
796 2777 834 2837 et
860 2789 1098 2864 quamquam
1122 2764 1162 2836 L
1192 2761 1357 2870 Sicinius
1381 2763 1529 2866 primus
1552 2764 1600 2839 de
1626 2791 1697 2869 po·

291 2902 422 2963 testate
441 2885 649 2961 tribunicia
679 2884 789 2988 loqui
825 2910 965 2974 ausus,
991 2885 1249 2960 mussantibus
1272 2885 1391 2962 vobis·
1415 2886 1697 2966 circumventus

289 3027 371 3086 erat
401 3043 410 3083 ε
445 3026 573 3085 tamen
601 3006 709 3112 prius
736 3006 795 3080 illi
825 3007 1011 3082 invidiam
1052 3025 1257 3097 metuere,
1292 3033 1411 3110 quam
1448 3034 1513 3084 vos
1543 3010 1695 3088 iniuriae

288 3149 490 3239 pertaesum
525 3147 587 3206 est
639 3129 757 3226 Quod
785 3157 853 3233 ego
882 3157 1032 3234 nequeo
1062 3131 1152 3205 satis
1179 3130 1342 3220 mirari,
1369 3131 1547 3228 Quirites.
1596 3134 1695 3243 Nam

289 3285 395 3363 spem
416 3257 556 3348 flustra
573 3253 686 3328 fuisse
705 3253 949 3328 intellexistis.
1000 3253 1106 3328 Sulla
1130 3269 1302 3343 mortuo,
1328 3254 1397 3356 qui
1414 3253 1613 3330 scelestum
1625 3255 1695 3332 im-

288 3397 466 3486 posuerat
495 3377 710 3466 servitium,
732 3374 850 3452 finem
877 3376 971 3452 mali
999 3375 1215 3450 credebatis
1268 3375 1386 3450 Ortus
1408 3393 1463 3451 est
1487 3375 1600 3482 longe
1628 3403 1696 3454 soe·

288 3506 372 3580 vior
398 3501 564 3578 Catulus.
614 3497 820 3572 Tumultus
846 3497 1055 3574 intercessit
1082 3500 1202 3574 Bruto
1240 3515 1279 3573 et
1311 3499 1474 3576 Aemilio
1501 3501 1708 3596 Mamerco,

290 3625 538 3718 Consulibus3
563 3621 654 3702 dein
674 3623 711 3702 G
734 3621 850 3701 Curio
872 3621 923 3698 ad
942 3622 1104 3702 exitium
1129 3619 1250 3724 usque
1269 3621 1431 3707 insontis
1455 3623 1693 3724 tribuni'do·

373 3871 421 3912 aa.
442 3847 486 3910 Si.
503 3847 541 3926 Q.
552 3867 583 3927 p.
600 3865 647 3905 eu.
667 3843 730 3908 buc
750 3845 851 3914 laudat
869 3845 948 3906 Dor.
969 3843 1008 3904 ad
1029 3842 1150 3906 Phor-m.
1165 3865 1177 3907 t
1188 3883 1199 3918 ‚
1224 3863 1259 3915 t,
1288 3864 1335 3910 u.
1363 3843 1516 3922 ΜΝ.
1538 3845 1577 3903 lta
1596 3843 1706 3907 Vatis.-

287 3957 360 4018 Bric.
376 3955 458 4018 Febr.
469 3953 576 4031 suisset
588 3955 688 4034 vulgo.
710 3952 762 4010 alii
773 3951 841 4010 libri
856 3960 967 4027 vesunt
979 3949 1050 4030 ipsi,
1069 3951 1120 4010 alii
1132 3949 1271 4010 autumet
1285 3947 1367 4030 ἱρείη
1386 3951 1525 4011 vobismet
1537 3947 1593 4026 ipsi
1609 3945 1693 4010 baud

287 4061 377 4122 dubie
394 4058 564 4142 legendum.
586 4056 721 4116 redibunt
731 4055 876 4137 'plerique
907 4053 1045 4117 retibunt
1063 4075 1125 4115 om.
1147 4053 1222 4118 liber
1234 4055 1344 4116 Ursini.
1364 4073 1437 4114 mou
1456 4059 1569 4132 effluere
1586 4059 1694 4114 velow

284 4167 372 4242 libri,
387 4184 461 4248 quos
470 4163 591 4224 Ursinus
601 4160 715 4233 laudat3
735 4162 805 4220 item
817 4159 932 4222 Balliol.
945 4159 1059 4220 wanti.
1079 4177 1117 4219 no
1129 4163 1230 4242 vulgo.
1251 4179 1340 4238 ptum
1350 4167 1537 4239 -perlaestun
1548 4155 1583 4216 C.
1594 4156 1692 4218 Fron·

286 4283 317 4334 to
335 4291 360 4334 ι.
380 4292 409 4338 v.
426 4276 601 4351 portuosum.
621 4263 747 4328 Aemilio
760 4264 923 4336 Marna-ao.
944 4262 1070 4330 ΛσηιιἸίο
1090 4284 1151 4330 om.
1171 4265 1264 4330 Vatic.
1285 4264 1431 4324 incussum
1450 4262 1614 4345 agebuntw
1628 4261 1692 4330 Vs·

1265 4393 1312 4471 30
