4570 5316
1577 442 1647 519 ¹79

240 589 312 666 bet.
361 592 445 695 Ipse
470 587 615 666 interea
636 587 775 678 milites
797 588 976 678 scribere,
997 613 1077 664 non
1100 616 1207 667 more
1222 591 1431 685 maiorum,
1456 613 1581 700 neque
1600 623 1648 674 ex

238 714 435 803 classibus,
451 714 516 790 sed
534 712 593 787 uti
612 712 798 814 cuiusque
815 712 950 789 lubido
966 730 1064 804 erat,
1083 715 1208 816 capite
1225 735 1352 792 censos
1367 719 1577 822 plerosque
1599 722 1646 798 ld

237 837 384 914 factum
401 837 468 913 'olii
490 836 621 940 inopia
640 836 943 925 bonorum‚·alii·
955 857 1028 940 per
1044 837 1295 914 ambitionem
1314 843 1479 918 consulis
1500 853 1644 922 memo·

238 962 394 1049 rabant3
418 960 525 1065 quod
549 961 598 1046 ab
622 985 667 1036 eo
686 984 821 1065 genere
838 959 1048 1034 celebratus
1069 977 1279 1065 sucumque
1306 981 1406 1055 erat,
1431 982 1469 1040 et
1492 964 1642 1044 homini

238 1087 450 1190 potentiam
470 1083 655 1188 querenti
676 1081 947 1189 egentissumus
975 1083 1137 1186 quisque
1164 1089 1541 1189 opportunissumus:
1581 1091 1645 1166 cui

236 1235 362 1312 neque
374 1235 442 1284 sua
460 1233 581 1297 curte,
607 1206 751 1310 quippe
766 1231 852 1306 quoe
867 1206 977 1281 nulla
994 1224 1102 1298 sunt,
1127 1223 1166 1282 et
1176 1209 1305 1283 omnia
1328 1237 1417 1285 cum
1430 1214 1553 1315 pretio
1571 1211 1643 1290 hc·-

236 1349 341 1409 nesta
368 1332 556 1407 videntur.
605 1329 738 1434 Igitur·
757 1329 902 1404 Marius
932 1355 1022 1405 cum
1047 1330 1247 1433 aliquanto
1273 1334 1417 1410 maiore
1447 1359 1641 1428 numero,

236 1478 353 1560 qnam
372 1455 568 1530 decretum
585 1468 690 1542 erat,
721 1452 763 1527 in
777 1453 945 1528 Africam
958 1453 1167 1558 proiectus,
1188 1455 1320 1560 paucis
1337 1457 1472 1534 diebus
1490 1461 1641 1536 Uticam

236 1577 446 1656 advehitur.
481 1574 678 1652 Exercitus
702 1574 741 1648 ei·
759 1578 926 1653 traditur
943 1604 966 1651 a
984 1582 1021 1652 P.
1033 1579 1179 1653 Rutilio
1201 1580 1340 1684 legat03
1353 1606 1446 1656 nam
1465 1581 1640 1658 Metellus

235 1711 480 1807 conspectum
494 1697 608 1774 Marii
630 1697 800 1800 fugerat,
818 1727 869 1775 ne
891 1699 1037 1776 rideret
1051 1727 1118 1789 en,
1144 1725 1231 1802 quse
1253 1701 1385 1778 audita
1410 1702 1560 1779 animus
1582 1721 1638 1779 to·

235 1825 356 1902 lerare
381 1824 612 1927 nequiverat
661 1819 735 1896 Sed
759 1823 901 1896 Consul
927 1821 1085 1926 expletis
1113 1821 1325 1924 legionibus
1342 1820 1637 1928 cohortibusque
1648 1835 1687 1917 87

234 1948 463 2038 auxiliariis,
489 1947 531 2021 in
564 1961 698 2050 agrum
726 1943 891 2021 fertilem
920 1959 959 2018 et
992 1942 1122 2046 praeda
1153 1959 1340 2018 onustum
1366 1927 1636 2048 proficiscitur,

234 2073 362 2149 omnia
382 2071 437 2146 ibi
454 2081 569 2174 capta
588 2068 776 2143 militibus
803 2067 941 2160 dona't;
964 2065 1055 2141 dein
1084 2065 1237 2142 castella
1260 2067 1468 2171 et'oppida
1499 2086 1638 2147 natura

233 2212 273 2272 et
289 2194 379 2272 viris
398 2203 537 2296 parum
551 2190 702 2266 munita
721 2189 942 2294 adgreditur
964 2221 972 2262 :
997 2188 1129 2293 praelia
1148 2191 1288 2281 multa,
1304 2170 1472 2266 ceterum
1490 2191 1565 2266 alia
1584 2193 1640 2269 le·

231 2318 293 2396 via
315 2318 399 2393 aliis
420 2315 511 2390 locis
527 2314 658 2390 facere
706 2313 867 2388 Interim
883 2312 973 2387 novi
992 2312 1130 2386 milites
1148 2311 1231 2388 sine
1248 2329 1354 2388 metu
1370 2338 1509 2419 pugnae
1534 2313 1641 2392 ades·

231 2467 270 2519 se
293 2474 301 2516 ι
325 2441 454 2517 videre
468 2438 654 2543 fugiemsa
673 2435 782 2536 capi,
809 2434 955 2525 occidi;
980 2432 1242 2509 fortissumum
1271 2459 1463 2539 quemque
1485 2438 1641 2514 ortissu.

230 2591 369 2642 mum:
392 2563 509 2637 armis
529 2559 758 2646 libertatem,
783 2555 949 2658 patriam
967 2569 1222 2659 parentesque
1234 2571 1274 2630 et
1291 2557 1366 2631 alia
1391 2559 1520 2634 omnia
1537 2563 1636 2665 'teg-i,

231 2689 392 2796 gloriam
421 2701 537 2788 atque
564 2679 714 2756 divitias
747 2677 877 2782 queri.
927 2677 988 2753 Sic
1013 2676 1118 2751 brevi
1141 2677 1265 2780 spatio
1296 2678 1387 2754 novi
1420 2695 1636 2786 veteresque

232 2814 423 2900 coaluere,
448 2806 620 2884 etvi'rtus
642 2802 818 2880 omnium
841 2799 998 2904 aequalis
1027 2797 1137 2875 facta.
1186 2804 1237 2876 At
1256 2823 1376 2905 reges,
1412 2801 1481 2876 ubi
1500 2802 1548 2882 de
1567 2805 1635 2881 adi

232 2951 351 3012 ventu
370 2931 486 3009 Marii
504 2942 786 3035 cognoverunt,
810 2924 951 3001 divorsi
979 2923 1018 3000 in
1055 2923 1159 2998 locos
1179 2922 1348 2998 difficiles
1372 2921 1525 2999 abeunt
1579 2929 1639 3004 lta'

107 3125 111 3132 .
216 3056 427 3166 ¹Iugurthae
456 3055 675 3160 placuerat,
700 3049 902 3156 speranti,
928 3074 1018 3126 mox
1044 3046 1181 3122 effusos
1211 3043 1335 3154 hostes
1360 3047 1490 3142 invadi
1508 3074 1636 3153 posse;

229 3185 438 3271 Romanos,
454 3177 567 3255 sicuti
591 3174 808 3282 plerosque,
832 3187 978 3250 remoto
995 3185 1122 3260 metu,
1149 3169 1271 3245 laxius
1295 3169 1548 3275 licentiusque
1572 3172 1635 3249 fn·
1679 3193 1681 3201 ⁴

231 3323 345 3398 uiros
393 3303 569 3381 Metellus
591 3301 735 3376 interea
752 3300 913 3374 Romam
928 3292 1141 3400 profectis,
1164 3303 1298 3368 contra
1316 3317 1421 3397 spem
1441 3318 1550 3372 suam
1566 3295 1685 3376 loe28s
1789 3336 1795 3345 ·

230 3501 823 3596 s.3.1.t.r.n1.su1.l.sem.1.s

251 3664 254 3670 ·
312 3637 388 3720 Cup.
399 3639 448 3700 86.
468 3645 578 3698 erectos
595 3631 676 3692 Leid.
689 3631 717 3694 ls.
730 3649 771 3690 m.
791 3626 859 3689 atta
872 3625 989 3688 utilibus
1007 3621 1093 3684 Febr.
1109 3644 1137 3684 ι.
1156 3621 1224 3684 Euo.
1251 3623 1379 3703 legatum
1399 3645 1460 3685 orn.
1481 3625 1563 3718 Laid.
1575 3648 1601 3688 e.
1613 3633 1632 3689 l.

230 3763 368 3810 wocara
385 3745 427 3804 ita
439 3743 561 3825 plurimi
575 3736 665 3808 libri,
686 3755 720 3794 cx
739 3733 862 3795 Leidc.
878 3729 1065 3792 f.i.k.1.m.
1085 3747 1166 3790 curoe
1181 3726 1278 3789 Gucll.
1289 3729 1318 3800 d.
1334 3749 1375 3788 m.
1383 3749 1429 3808 pr.
1444 3732 1531 3790 ceteri
1550 3729 1631 3792 Leid.

230 3869 335 3912 omnes
344 3847 440 3921 llirii,
461 3847 590 3928 quinque
604 3842 719 3904 Wassii.
746 3859 821 3900 curo
845 3838 913 3898 Ecc.
932 3835 983 3898 Ac.
1004 3833 1152 3894 Commel.
1172 3831 1260 3892 Palat.
1276 3832 1305 3892 6.
1326 3831 1425 3890 Pcmb.
1445 3851 1487 3890 m.
1501 3851 1547 3911 pr.
1575 3853 1634 3912 up-

228 3964 352 4037 portuit
373 3951 528 4013 ἀσκήσω
539 3949 609 4010 libri
630 3955 672 4007 est
689 3949 735 4010 rel
753 3952 817 4005 erat
838 3942 963 4006 addunt.
983 3938 1058 4000 dieo.
1073 3955 1162 4020 pauo·
1177 3933 1264 3995 Febr.
1292 3934 1361 4000 Tur.
1382 3933 1443 3993 Bos.
1464 3933 1493 4005 l.
1519 3935 1632 3996 videret

230 4077 297 4141 que
315 4057 400 4124 Bem.
413 4077 439 4122 t.

246 4215 248 4220 v
285 4207 289 4216 “
315 4183 390 4268 Cup.
403 4187 453 4268 87.
473 4181 541 4264 copi
557 4177 656 4241 occidi
673 4175 786 4241 Febris.
799 4195 826 4236 2.
853 4170 1059 4251 invadipotts.
1071 4185 1158 4250 ,rcus
1178 4184 1240 4225 om.
1257 4161 1404 4228 'Guclt-d.
1434 4161 1520 4226 latito
1539 4164 1633 4230 licen.

233 4294 344 4375 tinsqno
362 4291 431 4355 vin.
451 4288 504 4351 dc.
525 4285 623 4351 Gnell'.
637 4304 683 4361 rr,

306 4413 308 4420 ’
399 4387 444 4440 -”
1258 4388 1284 4444 s
