4582 5320
574 338 645 414 106

569 512 745 591 omnium
767 533 949 614 generum
970 530 1185 610 expugnare
1209 500 1446 606 adgreditur:
1472 525 1651 575 maxume
1670 498 1852 576 festinans
1875 515 1970 578 tem·

568 664 641 743 pus
663 635 876 739 legatorum
897 644 1136 731 antecapere,
1160 649 1255 729 quos
1281 641 1371 699 ante
1395 623 1573 728 praelium
1594 621 1739 699 factum
1760 624 1810 697 ab
1824 623 1969 702 Adher·

569 761 656 836 bale
669 739 830 832 Romaiu
845 753 974 828 missos
993 749 1200 826 audiverat
1237 746 1310 823 Sed
1325 763 1529 851 postquam
1541 747 1700 821 Senatus
1716 746 1765 821 de
1783 745 1886 822 bello
1906 773 1968 822 eo·

570 909 660 960 rum
681 878 845 982 accepit,
879 891 952 951 tres
976 872 1233 950 adulescentes
1256 871 1299 946 in
1323 869 1492 954 Africam
1513 869 1719 974 legantur:
1743 869 1813 972 qui
1839 868 1969 945 ambos

568 1027 670 1108 reges
697 998 1027 1092 adeant,Senatus
1050 994 1262 1100 populique
1280 991 1442 1068 Romani
1461 991 1584 1067 verbis
1604 991 1814 1067 nuncient:
1839 991 1969 1083 „Velle

568 1144 607 1206 et
626 1107 794 1212 censere,
815 1145 877 1195 eos
896 1121 946 1194 ab
971 1117 1085 1194 armis
1106 1117 1316 1194 discedere:
1342 1116 1390 1191 de
1415 1115 1675 1190 controversiis
1697 1115 1773 1190 suis
1799 1115 1883 1191 iure
1901 1143 1970 1220 po·

523 1297 560 1340 ‚2
573 1249 648 1326 tius
668 1271 792 1350 quam
810 1229 913 1318 bello
928 1241 1163 1345 disceptare:
1190 1239 1243 1314 ita
1270 1263 1385 1340 cecpre
1413 1237 1566 1342 illisque
1590 1237 1751 1345 dignum
1775 1243 1875 1314 esse?
1905 1241 1972 1312 Le-

407 1374 412 1387 '
569 1373 648 1476 gati
671 1369 715 1444 in
738 1365 906 1442 Africam
922 1377 1156 1439 maturantes
1175 1360 1350 1451 veniunt,
1372 1386 1417 1437 eo
1437 1359 1575 1466 magis,
1593 1360 1699 1463 quod
1713 1361 1862 1452 Romae,
1875 1363 1970 1440 dum

569 1489 758 1598 proficisci
778 1501 936 1593 parant,
964 1485 1011 1560 de
1032 1485 1164 1588 praelio
1199 1481 1301 1558 facto
1321 1497 1360 1556 et
1380 1483 1669 1586 oppugnatione
1705 1483 1817 1558 Cirtae
1845 1487 1974 1561 audie·

569 1617 708 1706 batur,
743 1609 810 1686 sed
846 1609 877 1684 is
908 1632 1042 1682 rumor
1076 1606 1242 1681 clemens
1271 1620 1361 1679 erat
1412 1605 1591 1700 Quorum
1611 1602 1797 1708 Iugurtha
1821 1625 1975 1710 accepta

570 1736 746 1812 oratione
773 1727 998 1834 respondit:
1035 1783 1055 1817 „
1076 1726 1157 1801 Sibi
1176 1753 1301 1828 neque
1330 1725 1453 1800 maius
1475 1725 1684 1828 quicquam
1711 1753 1836 1830 neque
1853 1731 1977 1806 carius

571 1854 798 1935 auctoritate
819 1850 966 1925 Senati:
989 1849 1038 1922 ab
1060 1847 1317 1923 adulescentia
1338 1847 1390 1920 ita
1407 1872 1446 1922 se
1474 1848 1643 1937 enisum,
1662 1848 1722 1923 uti
1745 1850 1794 1924 ab
1817 1867 1976 1955 optumo

572 2003 728 2084 quoquc
749 1972 991 2078 probaretur:
1016 1969 1158 2046 virtute
1174 1995 1253 2043 non
1274 1969 1420 2044 malitia
1438 1973 1475 2047 P.
1491 1969 1681 2074 Scipioni,
1704 1997 1854 2047 summo
1876 1975 1978 2064 viro,

571 2098 774 2206 placuisse:
802 2093 852 2168 ob
873 2090 1022 2166 easdem
1047 2091 1138 2166 artis
1153 2091 1201 2165 ab
1213 2091 1395 2198 Micipsa,
1413 2118 1493 2167 non
1505 2094 1668 2197 penuria
1689 2092 1916 2188 liberorum,
1934 2099 1977 2173 in

573 2246 735 2325 regnum
758 2215 985 2318 adoptatum
1006 2239 1100 2288 esse:
1127 2213 1305 2288 Ceterum
1325 2239 1405 2316 quo
1427 2213 1541 2316 plura
1572 2214 1669 2290 bene
1692 2231 1808 2319 atque
1826 2235 1978 2295 strenue

572 2344 741 2427 fecisset,
765 2364 810 2413 eo
831 2336 1007 2412 animum
1031 2360 1146 2408 suum
1167 2333 1352 2410 iniuriam
1372 2333 1500 2412 minus
1522 2334 1702 2411 tolerare:
1724 2336 1978 2417 Adherbalem

573 2463 673 2544 dolis
704 2459 792 2538 vitae
826 2483 904 2534 suae
926 2454 1180 2549 insidiatum,
1205 2454 1316 2559 quod
1346 2455 1416 2532 ubi
1445 2456 1704 2561 comperisset,
1738 2462 1871 2538 sceleri
1901 2465 1980 2540 eius

571 2661 669 2724 Strur.
688 2661 729 2720 ita
745 2655 861 2716 Gruter.
889 2653 974 2718 Bam.
988 2675 1015 2714 1.
1028 2657 1056 2718 3·
1077 2649 1170 2716 Wass.
1188 2661 1218 2714 ct
1235 2651 1356 2716 Havete.
1378 2653 1543 2715 ediderunt.
1555 2654 1641 2732 fieret
1657 2656 1763 2718 bellum
1783 2661 1869 2720 ceteri
1887 2660 1979 2722 Gortii

508 2755 510 2764 Χ
572 2765 651 2828 libri.
672 2763 742 2823 Tur.
764 2761 869 2820 bellum
883 2758 961 2819 delet
972 2757 1053 2823 Leid.
1065 2759 1086 2816 l.
1106 2758 1144 2817 ab
1160 2755 1293 2820 Adher-b.
1313 2777 1507 2838 praeponam.
1521 2759 1589 2819 Eoo.
1610 2759 1748 2836 GuelM.
1770 2761 1853 2822 Febr.
1865 2785 1891 2822 ι.
1911 2765 1987 2848 lleg⁰¹

573 2867 661 2930 Rom.
680 2864 763 2926 Aah.
783 2863 861 2923 mais.
882 2861 942 2922 hoc
962 2861 1066 2922 ordine
1078 2857 1190 2924 Fabric.
1218 2869 1248 2919 et
1264 2859 1386 2941 quidam
1405 2861 1456 2920 alii
1469 2881 1504 2922 ex
1519 2860 1601 2927 Cort.
1621 2861 1683 2923 Bas.
1697 2865 1728 2936 4.
1744 2865 1817 2928 Tur,
1833 2867 1905 2928 tatto
1922 2889 1981 2930 eor.

573 2989 637 3031 noc.
655 2989 745 3052 pron.
759 2965 966 3032 emunata.
985 2965 1068 3026 ¹Laid.
1080 2983 1108 3024 a.
1127 2962 1213 3023 coebo
1229 2962 1325 3023 Guelf.
1337 2962 1368 3034 4.
1389 2984 1429 3022 m.
1438 2982 1486 3044 pr.
1507 2965 1545 3024 de
1561 2969 1899 3048 contrua-disceptare.
1919 2970 1981 3034 hac

574 3091 639 3134 non
653 3076 791 3155 leguntur
805 3072 838 3131 in
854 3069 913 3129 Pal.
929 3079 959 3130 at
971 3069 1076 3130 wanti
1096 3066 1189 3127 libris.
1209 3065 1272 3127 Bas.
1285 3067 1350 3138 ι.4.
1372 3065 1457 3130 Fabr.
1471 3069 1530 3133 inc.
1551 3069 1636 3130 Rem.
1652 3069 1721 3138 San.
1739 3092 1764 3131 r.
1785 3072 1866 3136 Vrat.
1886 3073 1982 3136 Gncls.

507 3203 509 3209 ’
573 3175 694 3242 Laide,
709 3174 770 3237 b.c
794 3175 825 3234 d.
837 3195 866 3235 e.
879 3174 900 3233 l.
914 3169 947 3233 h.
960 3171 983 3232 i.
996 3171 1024 3232 t.
1041 3175 1062 3232 l.
1082 3169 1152 3252 Teg.
1172 3168 1241 3234 Tur.
1262 3169 1347 3229 Bam.
1358 3169 1389 3231 5.
1408 3170 1458 3230 sed
1478 3173 1617 3254 leguntur
1631 3175 1663 3234 in
1679 3175 1781 3237 Vinar.
1794 3196 1822 3237 a.
1842 3177 1939 3240 Senot.
1954 3199 1982 3240 a.

574 3279 676 3344 Hense.
695 3279 799 3339 Franc.
819 3287 906 3361 atque
919 3277 951 3336 in
967 3276 1098 3359 margine
1113 3274 1211 3338 Guelf.
1222 3273 1251 3335 ὅ.
1275 3273 1371 3336 strar.
1397 3271 1487 3334 dead.
1506 3276 1588 3336 Laid.
1602 3299 1631 3359 g.
1649 3297 1689 3342 m.
1704 3299 1736 3345 n.
1767 3279 1852 3342 Bam.
1869 3279 1896 3342 ι’.
1923 3282 1983 3343 Erl.

574 3381 672 3458 duone
690 3380 775 3440 Fabr.
791 3401 818 3440 ι.
838 3379 929 3442 dead.
949 3379 1054 3441 Franc.
1078 3378 1218 3448 Gunts.
1233 3375 1560 3445 11.·11eid.a.c.c.m.
1591 3381 1661 3464 Teg.
1682 3379 1752 3444 Tur.
1779 3380 1984 3468 dignumst„
2013 3429 2018 3436 .

573 3482 644 3546 Eae.
663 3482 802 3548 Guell.3.
821 3482 936 3544 Fabric.
947 3503 975 3543 a.

638 3607 713 3691 Cap.
728 3629 775 3676 aa.
795 3628 884 3689 coctae
897 3608 991 3689 magt:
1009 3609 1061 3671 Ac.
1080 3617 1110 3671 :t
1128 3612 1166 3672 de
1176 3630 1282 3692 oppng.
1303 3608 1394 3672 idem.
1416 3609 1576 3671 :oubam
1590 3610 1687 3673 Guell.
1697 3611 1727 3686 4.
1750 3609 1983 3683 nemoralem

575 3717 664 3777 multi
683 3711 762 3776 libri.
783 3722 861 3775 orat.
876 3722 987 3794 uocem.
1005 3711 1076 3772 Tur.
1098 3713 1194 3774 mains
1211 3715 1311 3794 quida.
1332 3733 1421 3796 pron.
1439 3734 1501 3775 om.
1519 3713 1624 3774 decad.
1653 3735 1718 3783 cor.
1733 3718 1833 3800 qnidq.
1859 3721 1944 3784 Bam.
1955 3723 1984 3785 3.

574 3820 713 3903 Sonat-¹2.
733 3819 833 3878 flaua.
852 3815 951 3879 corin
962 3835 1019 3878 esse
1032 3825 1148 3879 auctor.
1167 3817 1254 3878 Fabr.
1268 3839 1295 3879 1.
1315 3819 1374 3884 inc.
1389 3839 1415 3885 ι.
1435 3817 1505 3900 Tcg.
1526 3817 1586 3878 Erl.
1607 3818 1703 3882 Turio.
1724 3819 1787 3886 Bas.
1800 3825 1829 3896 4.
1850 3845 1912 3888 ten.
1924 3846 1981 3891 esse

575 3913 771 3984 tud.c.'‘k.t.
791 3923 854 3983 Bas.
870 3942 898 3982 t.
927 3920 962 3981 in
974 3941 1065 4003 regno
1081 3923 1181 4004 adopt.
1202 3921 1299 3984 Gnell.
1311 3923 1342 3994 4.
1360 3917 1406 3982 ro.
1425 3921 1525 3986 Vanar.
1552 3913 1671 3986 Vrat.3.
1697 3923 1787 3987 dead.
1805 3929 1902 3995 Strnv.
1922 3934 1982 3994 inc.

578 4025 615 4088 1.
629 4027 732 4088 Franc.
752 4025 833 4088 leid.
843 4025 874 4086 b.
883 4046 909 4086 c.
920 4023 952 4086 b.
967 4046 1009 4086 m.
1029 4025 1114 4091 Bodt.
1129 4026 1264 4091 Marna.
1284 4005 1664 4088 adot.:aa'mu1ticodd.
1686 4032 1869 4112 quodpiam
1887 4033 1983 4097 senat
2088 4053 2096 4066 ·

580 4151 608 4196 t·
627 4128 712 4194 Ram.
726 4151 752 4195 ι.
773 4129 923 4194 Fabiis-r.
942 4129 1023 4196 Vrat.
1037 4150 1064 4194 t.
1084 4127 1136 4194 Ac.
1156 4129 1253 4198 θεων.
1271 4131 1333 4192 inc.
1355 4135 1458 4193 Franc.
1486 4129 1555 4192 Eoo.
1585 4128 1683 4192 Guell.
1697 4153 1723 4198 ι.
1740 4135 1809 4197 ιδ.
1828 4158 1874 4200 ιι.
1902 4137 1983 4207 laid.
