4570 5316
1548 497 1557 516 ἱ
1646 392 1714 470 155

301 593 369 655 re,
394 589 524 670 cogere
550 561 781 640 exercitum:
805 560 1102 666 civitates,quae
1125 565 1174 668 ab
1197 589 1235 641 se
1253 562 1485 658 defecerant,
1508 565 1715 648 formidine

308 707 377 766 aut
398 687 624 772 ostentando
649 685 806 790 praemia
836 685 1046 762 adfectare:
1072 688 1310 764 communire
1332 714 1420 772 suos
1444 689 1562 781 locos,
1588 719 1713 786 arma,

302 813 399 902 sela,
425 813 598 913 aliaque,
627 835 713 913 quae
740 835 806 914 spe
832 809 934 912 pacis
954 811 1150 902 amiserat,
1176 810 1329 888 reficere
1352 827 1421 888 aut
1446 820 1712 892 commercari:

306 937 455 1014 servitia
468 937 730 1010 Romanorum
758 932 922 1008 adlicere
940 949 979 1008 et
998 959 1059 1010 eos
1078 933 1193 1038 ipsos,
1218 936 1287 1038 qui
1312 935 1355 1010 in
1375 937 1558 1040 praesidiis
1584 959 1712 1032 erant,

306 1059 469 1164 pecunia
490 1073 697 1160 temptare:
721 1081 874 1160 prorsus
903 1055 1004 1131 nibil
1031 1057 1221 1134 intactum
1249 1085 1374 1162 neque
1402 1060 1577 1163 quietum
1603 1066 1712 1167 pati:

309 1200 447 1258 cuncta
468 1182 618 1284 agitare.
655 1181 777 1284 Igitur
800 1183 1025 1270 Vaccenses,
1058 1207 1136 1284 quo
1158 1182 1332 1256 Metellus
1364 1182 1494 1274 initio,
1525 1186 1711 1290 Iugurtha

273 1323 275 1326 ’
308 1305 550 1411 pacificante,
573 1303 794 1408 praesidium
815 1303 1064 1407 imposuerat,
1087 1305 1235 1408 fatigati
1258 1304 1352 1410 regis
1369 1307 1566 1410 suppliciis
1587 1336 1712 1412 neque

311 1447 421 1536 antea
452 1428 651 1505 voluntate
681 1426 857 1517 alienati,
883 1427 1075 1532 principes
1108 1428 1268 1502 civitatis
1297 1428 1398 1508 inter
1423 1455 1461 1504 se
1486 1432 1711 1507 coniurant:

311 1584 401 1631 nam
423 1554 570 1658 volgus,
592 1553 652 1626 uti
672 1551 899 1655 plerumque
915 1550 1031 1640 solet,
1056 1566 1094 1626 et
1112 1577 1289 1626 maxume
1310 1552 1587 1646 Numidarum,
1608 1555 1711 1660 inge-

310 1681 374 1755 nio
389 1678 523 1754 mobili
533 1676 772 1767 ,seditiosum
786 1667 902 1776 atque
916 1672 1191 1760 discordiosum
1208 1689 1306 1764 erat,
1323 1675 1509 1777 cupidum
1522 1704 1710 1754 novarum

310 1830 455 1891 rerum,
480 1799 601 1904 quieti
622 1814 660 1873 et
680 1798 758 1873 otio
777 1796 979 1873 advorsum
1005 1830 1013 1869 ε
1038 1796 1152 1887 dein,
1173 1798 1389 1900 compositis
1411 1799 1560 1876 interce
1576 1804 1708 1894 rebus,

311 1929 351 2002 iu
370 1927 471 2002 diem
490 1925 646 1998 tertium
663 1921 921 2014 constituunt,
945 1919 1050 2030 quod
1067 1921 1097 1995 is
1112 1919 1227 1996 festus
1249 1921 1533 2024 celebratusque
1551 1951 1620 2027 per
1631 1952 1712 2000 om-

250 2135 252 2140 ,
310 2078 398 2132 nem
414 2049 583 2126 Africam
600 2045 738 2120 ludum
753 2060 792 2118 et
810 2042 1003 2119 lasciviam
1028 2043 1146 2146 magis
1172 2069 1291 2144 quam
1320 2042 1567 2120 formidinem
1588 2064 1712 2126 osten·

283 2157 286 2162 .
311 2176 422 2250 tabat.
473 2171 545 2248 Sed
567 2169 636 2246 ubi
657 2186 806 2273 tempus
827 2167 919 2256 fuit,
939 2166 1179 2241 centuriones
1204 2166 1456 2269 tribunosque
1480 2169 1656 2246 militaris
1674 2189 1720 2250 et.

310 2301 432 2403 ipsum
445 2293 674 2402 praefectum
689 2290 832 2395 oppidi,
853 2293 893 2364 T.
915 2289 1136 2392 Turpilium
1154 2289 1352 2379 Silanum,
1378 2289 1476 2365 alius
1488 2373 1490 2378 ,
1504 2292 1626 2368 alium
1644 2295 1714 2370 do-

311 2449 390 2500 mos
412 2445 500 2496 suas
525 2416 718 2492 invitant:
749 2438 811 2488 eos
840 2410 985 2520 omnis,
1017 2427 1155 2514 practer
1183 2407 1422 2514 Turpilium,
1448 2413 1550 2490 inter
1580 2417 1714 2520 epulas

312 2547 544 2624 obtnmcant
566 2573 574 2613 :
598 2554 727 2642 postca
746 2535 885 2611 milites
902 2532 1088 2638 palantis,
1104 2533 1287 2623 inermos,
1314 2536 1459 2638 quippe
1482 2537 1524 2612 in
1556 2540 1626 2615 tali
1651 2541 1715 2634 die
1837 2624 1842 2640 .

310 2698 354 2748 ac
376 2669 457 2746 sine
486 2664 674 2768 imperio,
698 2659 983 2764 adgrediuntur.
1033 2654 1139 2735 Idem
1177 2655 1304 2758 plebes
1334 2657 1447 2748 facit,
1471 2683 1559 2762 pars
1588 2661 1714 2738 edocti

314 2796 362 2870 ab
387 2790 610 2876 nobilitate,
630 2784 697 2860 alii
717 2781 845 2858 studio
864 2779 1000 2855 talium
1022 2803 1152 2854 rerum
1172 2778 1322 2854 incitati
1342 2811 1350 2852 ε
1374 2779 1461 2882 quis
1485 2798 1569 2857 acta
1592 2786 1714 2860 consi-

313 2919 486 3020 liumque
515 2909 780 3018 ignorantibus
802 2905 991 2982 tumultus
1011 2903 1090 3007 ipsc
1111 2918 1149 2978 et
1173 2927 1230 2978 res
1253 2929 1361 2978 novae
1389 2904 1477 2978 satis
1500 2905 1715 3007 placebant

312 3116 470 3178 recissa.
492 3091 743 3187 marianae.
764 3103 867 3166 ‚natea
880 3125 940 3164 om.
953 3103 1014 3168 Β...
1030 3121 1056 3166 ι,
1077 3121 1182 3166 ...ιιι
1202 3101 1286 3162 ιιι...
1303 3120 1327 3166 ι.
1348 3102 1408 3163 aa.
1422 3123 1449 3162 ι.
1476 3100 1595 3161 comm.
1615 3101 1675 3162 ra.
1686 3125 1715 3183 7.

312 3221 391 3282 beid.
403 3220 433 3278 d.
452 3217 533 3299 pacis
545 3235 593 3294 spe
605 3223 657 3273 ant
670 3231 718 3292 spe
725 3210 808 3291 pacis
827 3209 924 3269 Guelf.
938 3213 965 3271 ὅ.
979 3209 1007 3268 6.
1020 3229 1049 3287 7.
1059 3229 1088 3287 9.
1104 3227 1150 3267 ιο.
1165 3227 1210 3270 ιι.
1225 3227 1270 3266 ιι.
1298 3207 1365 3267 Ecc.
1386 3206 1469 3271 Rem.
1486 3227 1511 3266 ι.
1531 3208 1593 3267 inc.
1613 3211 1716 3268 Franc.

313 3325 362 3390 de.
389 3325 484 3386 saur
504 3321 649 3380 vinias
670 3318 750 3380 Vrat.
771 3314 852 3378 Leid.
867 3334 892 3373 c.
905 3311 935 3371 h.
949 3313 977 3371 k.
991 3317 1055 3372 1.ιι.
1082 3313 1141 3371 Ει1.
1162 3309 1262 3380 ΒΜ
1283 3309 1405 3370 berni.
1425 3308 1715 3390 paciscpeslcid.l.

311 3429 407 3489 Turic.
427 3425 551 3486 Bcrn..3
571 3422 748 3482 Mamiliam
755 3419 896 3478 meliores.
930 3417 981 3475 alii
1004 3415 1132 3476 Mamill.
1157 3417 1203 3475 vel
1225 3413 1330 3479 Manil.
1350 3415 1485 3494 perculsa
1497 3435 1551 3494 per
1568 3415 1623 3494 leg
1654 3415 1714 3522 Ει1.

307 3535 391 3595 -Leid
405 3533 435 3592 h.
447 3554 477 3590 n
499 3530 595 3590 Gucll.
614 3549 660 3590 ιο.
687 3527 785 3584 inc..a
806 3521 1225 3595 Rem.1.percussaVrat..b
1247 3516 1344 3577 Guell.
1360 3539 1405 3577 ιι.

395 3661 467 3742 Cap.
483 3661 531 3721 66.
562 3656 668 3736 incepit
688 3656 745 3714 inc.
766 3650 816 3710 dc.
837 3649 932 3708 Strur.
954 3647 1037 3710 Rem.
1052 3665 1078 3702 ι.
1104 3645 1173 3704 Vin.
1188 3665 1214 3704 a.
1235 3647 1304 3706 Tur.
1333 3645 1430 3706 Guell.
1411 3647 1552 3729 679.
1567 3666 1612 3706 ro.
1633 3647 1714 3706 Leid.

314 3789 340 3832 a.
355 3769 414 3828 es.
429 3768 456 3826 1.
471 3787 512 3824 m.
530 3785 561 3828 n.
591 3761 705 3838 olitana
722 3755 823 3818 omnio
842 3752 964 3816 Leidb.
985 3751 1046 3811 alia
1063 3747 1164 3812 omnia
1190 3751 1314 3811 laida.
1336 3764 1422 3830 atque
1435 3751 1592 3828 clia,quae
1612 3751 1670 3808 inc.
1687 3771 1714 3811 ι,

315 3874 375 3934 alia
391 3891 453 3950 quet
473 3871 539 3933 Ecc.
561 3867 657 3930 Guell.
669 3865 698 3924 ὅ.
717 3861 788 3920 Tur.
809 3861 930 3921 Bermi-
954 3857 1098 3934 Vagenses
1117 3855 1216 3915 Nazar.
1249 3855 1391 3916 Vacenser
1410 3855 1556 3914 Commel.
1577 3851 1674 3910 Guell.
1685 3854 1714 3912 6.

320 4000 354 4038 ιο
385 3979 488 4057 volgus
508 3973 570 4042 Bas,
586 3994 611 4030 ι.
631 3971 727 4030 Senat.
747 3966 836 4029 dead.
858 3965 957 4024 lleuss.
975 3963 1056 4020 le.
1070 3981 1098 4020 a.
1128 3961 1289 4020 disceret.
1310 3970 1458 4020 arraona
1474 3954 1626 4016 duolibri.
1645 3957 1716 4015 dein

316 4083 393 4144 Ilii-ii
408 4081 484 4142 libri.
503 4077 692 4139 constituunt.
718 4073 851 4132 deterior.
875 4068 943 4128 libri
963 4068 1089 4137 eadm,
1117 4065 1371 4142 interfectionem,
1398 4061 1570 4122 occisionem
1589 4061 1719 4120 addunt·

317 4187 472 4250 Sullanum
484 4184 561 4246 llivii
576 4180 678 4242 venuti
695 4189 724 4238 et
740 4173 861 4237 Palatini
881 4177 990 4252 plures,
998 4169 1136 4240 Siloam
1155 4171 1241 4248 pauci
1255 4189 1288 4229 cx
1303 4169 1360 4226 Pal.
1382 4165 1539 4248 Syllanam
1551 4165 1612 4224 alii.
1633 4163 1716 4225 intr·-

319 4315 380 4356 mcs
400 4293 461 4353 Bas.
478 4313 502 4350 ι.
522 4285 603 4346 Leid.
616 4288 636 4342 l.
658 4280 818 4342 duo-bivii.
836 4277 929 4363 plebes
943 4293 1018 4348 uuus
1031 4273 1118 4337 llivii.
1140 4273 1224 4331 Bcrn.
1236 4269 1264 4332 3.
1288 4271 1351 4350 quis
1363 4291 1466 4331 onrncs
1482 4271 1539 4330 scre
1560 4268 1637 4330 libri.
