4582 5320
586 427 637 505 86

584 605 712 682 'centia
731 605 852 681 animi
875 623 914 681 et
933 609 1077 714 ingenii
1101 613 1269 707 solertia,
1296 618 1381 721 quis
1404 620 1517 700 rebus
1543 629 1617 703 sibi
1633 635 1773 712 multos
1795 666 1840 715 ex
1856 643 1992 722 Roma·-

487 727 492 750 ⁸
547 727 643 809 anis
664 728 846 803 familiari
869 731 1036 808 amicitia
1056 720 1316 816 coniunxerat
1354 745 1410 820 Ea
1433 761 1652 854 tempestate
1677 757 1719 834 in
1740 765 1909 840 exercitu
1923 796 1992 857 no-

580 865 658 928 stro
679 851 786 927 fuere
808 854 1022 956 complures
1045 859 1134 934 novi
1158 878 1274 967 atque
1292 869 1459 964 nobiles,
1486 874 1627 977 quibus
1645 869 1787 960 divitiae
1805 887 1908 965 bono
1922 890 1992 981 ho-

581 991 764 1078 nestoque
789 977 955 1078 potiores
977 996 1106 1072 erant,
1131 982 1297 1079 factiosi,
1326 989 1430 1067 domi
1451 1013 1642 1098 potentes,
1657 1007 1765 1109 apud
1783 1012 1902 1088 socios
1916 1015 1992 1102 cla-

577 1097 614 1174 ri
643 1098 761 1201 magis
786 1125 906 1201 quam
932 1098 1106 1179 honesti:
1140 1107 1208 1210 qui
1232 1113 1428 1217 Iugurthae
1452 1145 1533 1196 non
1564 1125 1795 1208 mediocrem
1816 1137 1991 1224 animum
2058 1153 2068 1161 '

577 1219 833 1324 pollicitando
858 1223 1139 1323 accendebant3
1162 1231 1192 1305 si
1218 1232 1378 1341 Micipsa
1403 1266 1470 1319 rex
1496 1246 1706 1343 occidisset,
1728 1255 1827 1348 fore,
1851 1261 1910 1338 uti
1933 1289 1990 1346 so·

575 1342 638 1418 lus
663 1343 815 1446 imperii
832 1345 1023 1424 Numidiae
1043 1352 1261 1455 potiretur:
1287 1359 1330 1434 in
1350 1360 1432 1466 ipso
1454 1393 1676 1449 maxumam
1698 1378 1896 1474 virtutem,
1917 1389 1990 1464 llo-

579 1490 654 1541 rnae
678 1467 807 1541 omnia
820 1470 971 1545 ‘venalia
990 1499 1073 1548 esse
1112 1476 1186 1552 Sed
1213 1496 1435 1584 postquam,
1459 1487 1666 1571 Numantia
1691 1498 1832 1594 deleta,
1857 1511 1894 1584 P.
1913 1511 1991 1591 Sci·

507 1629 511 1636 ·
575 1588 642 1694 pio
660 1588 851 1668 dimittam
873 1594 1017 1670 auxilia
1037 1614 1075 1673 et
1091 1597 1170 1702 ipse
1188 1606 1328 1680 revorti
1345 1607 1506 1688 domum
1526 1615 1708 1696 decrevit:
1730 1624 1918 1714 donatum
1933 1651 1989 1710 at-

573 1733 653 1814 que
684 1712 889 1789 laudatum
912 1719 1113 1822 magnifice
1136 1745 1208 1825 pro
1232 1729 1417 1806 concione
1439 1736 1667 1841 Iugurtham
1696 1745 1739 1820 in
1766 1757 1989 1852 praetorium

575 1821 738 1911 abduxit
763 1837 894 1939 ibique
926 1857 1068 1916 secreto
1108 1847 1279 1940 monuit,
1303 1853 1361 1926 uti
1383 1856 1511 1959 potius
1538 1862 1694 1964 publice
1714 1895 1833 1970 quam
1863 1880 1989 1986 priva·
2026 1901 2029 1906 '

574 1957 648 2032 tim
667 1957 877 2033 amicitiam
904 1961 1040 2064 populi
1057 1964 1099 2036 lt
1125 1966 1282 2045 coleret:
1305 1999 1384 2050 neu
1407 1979 1547 2081 quibus
1580 1983 1710 2092 largiri
1739 1992 1984 2079 insuesceret:

574 2078 785 2184 periculose
810 2106 832 2154 a
857 2083 990 2184 paucis
1014 2084 1106 2175 emi,
1121 2089 1228 2189 quod
1248 2095 1461 2175 multorum
1478 2121 1571 2181 esset
1577 2139 1588 2202 5
1612 2111 1643 2185 si
1667 2105 1891 2216 permanere
1914 2130 1990 2204 rel.

574 2202 629 2278 let
649 2201 691 2278 in
716 2201 793 2276 suis
816 2205 981 2296 artibus,
1008 2205 1112 2284 ultro
1126 2209 1187 2285 illi
1203 2229 1241 2288 et
1257 2215 1418 2320 gloriam
1440 2241 1479 2300 et
1505 2255 1667 2335 regnum
1685 2255 1909 2323 venturum:
1927 2251 1988 2330 sin

574 2351 656 2479 laid.
674 2421 715 2459 m.
735 2397 850 2460 Fabric.
872 2422 897 2460 r.
918 2401 1022 2463 Franc.
1043 2404 1129 2466 Bern.
1145 2407 1174 2468 3.
1202 2430 1254 2471 an.
1267 2423 1296 2474 et
1309 2413 1371 2496 ing.
1383 2419 1482 2481 soleri.
1511 2435 1540 2486 et
1555 2445 1617 2488 om.
1631 2434 1730 2512 plures
1738 2435 1818 2503 llirii
1826 2439 1904 2503 libri.
1924 2446 1988 2523 quir

574 2505 659 2564 rebus
677 2504 759 2564 Vrat.
772 2525 799 2562 r.
819 2508 887 2565 Son.
902 2525 927 2569 1.
949 2505 1047 2568 Gneli.
1064 2530 1089 2574 r.
1104 2529 1132 2571 a.
1156 2512 1239 2592 Leid.
1255 2537 1287 2578 n.
1301 2520 1482 2598 ,farnitum
1501 2528 1635 2594 mam
1655 2536 1752 2604 guest
1772 2563 1800 2608 3·
1820 2545 1988 2622 saraim

574 2595 652 2670 coni.
671 2599 794 2668 leidn.

656 2733 731 2817 Cap,
743 2738 772 2798 8.
806 2740 1007 2818 quamplures
1025 2741 1124 2806 Strur·
1151 2743 1250 2808 Guelf.
1265 2770 1311 2810 ro.
1334 2752 1457 2818 Vratr.
1491 2759 1568 2824 bono
1579 2773 1670 2845 utqroe
1689 2771 1811 2862 boneta
1836 2776 1934 2840 cuais.
1955 2783 1985 2843 5.

572 2841 659 2906 Bam.
677 2862 703 2901 r.
725 2841 846 2922 bruerio
863 2843 1016 2904 Nurm‘dioe
1035 2865 1138 2942 ornnes
1153 2848 1322 2922 leroCodd.
1342 2855 1584 2928 Numidioeabest
1603 2871 1685 2932 Leid.
1698 2895 1730 2934 n.
1751 2877 1854 2947 Frano.
1870 2883 1986 2965 imperii

572 2945 641 3006 Sea.
656 2965 685 3005 r.
705 2945 791 3004 Fabr.
808 2966 835 3005 2.
856 2946 957 3013 lleusr.
980 2949 1039 3008 inc.
1052 2968 1079 3008 r.
1100 2949 1189 3012 Palat.
1206 2974 1236 3014 a.
1256 2955 1318 3017 Bas.
1334 2980 1359 3026 ι.
1379 2960 1448 3031 Tur.
1465 2968 1612 3046 potiretur
1632 2995 1694 3037 om.
1715 2981 1782 3042 Seu.
1796 3005 1822 3050 a.
1846 3007 1903 3050 om.
1917 3011 1984 3052 ven.

571 3050 679 3111 aare
700 3047 846 3112 Commel.
869 3059 900 3111 et
915 3050 972 3131 tiras
990 3053 1106 3118 rovorri.
1128 3064 1157 3116 et
1169 3074 1231 3117 om.
1246 3058 1345 3134 Guoll,
1361 3085 1407 3126 rr.
1429 3067 1463 3128 iu
1473 3083 1595 3150 pretor.
1609 3081 1747 3145 adduxit.
1769 3109 1872 3152 omnes
1881 3107 1986 3175 prater

570 3154 685 3220 Febris.
701 3173 727 3213 1.
747 3152 799 3216 ilc.
820 3154 941 3221 Pariue.
962 3156 1024 3217 Bas.
1040 3179 1066 3218 ι.
1087 3171 1230 3222 secretum
1249 3164 1345 3244 δίων.
1366 3168 1483 3234 Arunda
1499 3176 1595 3258 itura
1606 3186 1729 3264 plurimi
1741 3191 1819 3254 libri.
1839 3195 1881 3256 ibi
1897 3197 1983 3263 Fabr.

574 3279 602 3320 r.
620 3259 688 3318 Seu.
705 3279 733 3324 a.
753 3259 854 3320 lleuss.
875 3258 972 3320 Guell.
987 3261 1017 3333 4.
1032 3262 1060 3322 5.
1080 3264 1163 3324 Leid-
1174 3266 1202 3325 l.
1224 3287 1279 3328 nott
1296 3271 1397 3349 quibus
1414 3275 1522 3360 largiri
1533 3283 1715 3354 inuenerat.
1735 3297 1860 3362 sicllirii
1869 3342 1880 3376 ‚
1897 3304 1985 3366 War-

567 3361 606 3420 sii
623 3371 652 3421 et
667 3361 784 3420 Gruteri
801 3362 871 3422 libri
889 3373 919 3424 et
934 3367 1049 3447 aliquot
1064 3387 1099 3428 er
1116 3368 1273 3435 Cottianis.
1293 3373 1355 3438 Bas.
1374 3401 1400 3441 r.
1420 3380 1490 3444 Tru.
1512 3407 1569 3448 nat
1582 3391 1723 3472 aliquare
1751 3399 1849 3464 sucu.
1866 3425 1894 3468 a.
1907 3409 1935 3468 6.
1954 3433 1984 3492 7.

569 3463 637 3524 Boc.
658 3465 719 3524 iuc.
740 3463 824 3525 llam.
838 3487 865 3526 r.
885 3467 990 3528 Frenc.
1009 3469 1092 3531 Leid.
1107 3493 1134 3533 a.
1147 3473 1213 3536 bc.
1226 3478 1285 3561 lg.
1299 3501 1340 3542 m.
1355 3503 1386 3543 n.
1408 3483 1470 3547 Bas.
1481 3488 1510 3562 4.
1532 3511 1588 3554 nco
1605 3497 1715 3575 quibus.
1737 3502 1834 3567 Guell.
1848 3510 1875 3576 5.
1897 3512 1981 3577 Febr.

571 3587 601 3650 ².·
621 3587 658 3630 no
675 3567 820 3647 aliquibus
838 3569 935 3630 Guelt
948 3571 977 3632 3.
991 3594 1022 3653 9.
1037 3595 1084 3636 ro.
1104 3576 1201 3642 Strur·
1229 3579 1310 3645 Vrat.
1324 3591 1364 3648 3:
1384 3587 1467 3652 Laid.¹
1481 3591 1556 3662 bk
1585 3619 1642 3662 neu
1655 3603 1828 3682 quitum
1846 3613 1931 3678 Bern.
1957 3641 1982 3687 ι.

569 3692 639 3738 neor
658 3671 759 3753 quta
777 3671 913 3757 Gueli.7.
934 3695 989 3737 uae
1001 3678 1121 3758 niumb-
1141 3681 1226 3744 uem.
1241 3705 1268 3750 2.
1289 3687 1374 3755 Rern.
1395 3713 1420 3751 ι.
1451 3715 1541 3776 neque
1559 3702 1628 3784 aliq.
1654 3705 1723 3770 vin.
1735 3732 1765 3773 a·
1785 3713 1865 3779 Vrat.
1878 3739 1906 3780 a.
1928 3743 1984 3803 pe-

568 3777 729 3840 riculorum
747 3779 844 3843 Stmv·
862 3780 978 3842 Vratisl.
991 3782 1021 3843 3.
1042 3782 1148 3856 Beud-
1169 3786 1203 3846 iu
1221 3789 1281 3851 sub
1297 3792 1410 3856 artibus
1426 3799 1508 3860 vellat
1528 3802 1626 3867 Gnell.
1644 3811 1673 3870 5.
1694 3817 1812 3896 etglor.
1832 3831 1860 3882 at
1876 3835 1931 3886 tres
1948 3849 1982 3890 ex
2037 3831 2045 3837 “

567 3879 652 3945 Cort.
668 3885 820 3944 omittunt.
841 3883 958 3966 siprop.
978 3885 1060 3948 Laid.
1072 3887 1134 3950 bn.
1155 3888 1240 3952 Bam.
1251 3893 1280 3955 3.
1301 3907 1412 3958 suomet
1426 3901 1519 3982 baum
1530 3912 1656 3989 prowm
1676 3915 1743 3978 Eoo.
1765 3920 1859 3985 Guell
1874 3947 1891 3988 2
1912 3930 1930 3991 3
1952 3933 1969 3992 5

565 3985 635 4048 Seu.
656 3989 758 4049 Hense.
776 3990 902 4070 plurimi
918 3990 999 4052 Leid.
1011 4001 1040 4052 et
1057 3991 1145 4054 Pelet.
1164 3993 1228 4056 Bas.
1245 4016 1274 4058 r.
1291 3999 1361 4062 Tur.
1379 4023 1465 4066 utam
1478 4018 1507 4069 et
1522 4011 1615 4092 :burm
1626 4021 1785 4097 peruru'am
1802 4045 1853 4090 rou
1869 4046 1982 4096 mmet

568 4090 608 4170 φ.
623 4114 654 4172 ρ.
675 4093 767 4158 Mnk,
780 4107 811 4160 r.
826 4105 861 4158 Λ.
881 4093 914 4155 Β.
930 4094 1002 4155 Pub.
1021 4095 1122 4158 Pemb.
1142 4097 1228 4161 Mart.
1247 4100 1360 4165 Arond.
1380 4107 1452 4192 fleg.
1468 4109 1562 4177 Bou.-
1584 4121 1635 4180 alii
1648 4121 1746 4186 Oxou.
1766 4127 1852 4194 Febr.
1869 4157 1895 4196 r.
1916 4137 1978 4207 Bas.

573 4215 600 4260 r.
621 4193 854 4268 Guelf.3.d.1o.
883 4199 994 4262 Vin-2.
1023 4198 1114 4268 Aoad.
1134 4202 1230 4271 Strur.
1250 4206 1330 4271 vrat
1347 4231 1374 4276 2.
1394 4227 1506 4278 suamet
1522 4217 1610 4300 insius
1621 4229 1750 4305 pecunia
1769 4231 1866 4304 Gualt.
1876 4240 1905 4302 6.
1923 4263 1978 4306 sua

564 4299 732 4381 pwttm‘act
745 4302 839 4382 psum
858 4302 1002 4368 cnuti.
1030 4304 1125 4388 iram
1139 4317 1172 4372 ct
1189 4315 1443 4396 erumpendum
1462 4319 1558 4392 Guelf,
1571 4326 1603 4399 4.
1630 4348 1718 4394 ¹guam
1737 4335 1935 4417 mma
1947 4369 1978 4412 κ
