4560 5338
608 486 651 533 10

602 655 793 717 oertemen
821 640 923 714 inter
945 638 1042 743 ipsos
1065 652 1168 714 erat:
1191 633 1245 708 sic
1265 657 1304 708 se
1325 629 1487 733 quisque
1509 625 1657 700 bostem
1683 621 1813 714 ferire,
1844 651 2001 703 murum

603 760 847 850 adscendere,
871 760 1057 866 conspici,
1082 759 1178 834 dum
1197 757 1272 832 tnle
1295 754 1443 828 focinus
1464 750 1623 836 faceret,
1648 749 1907 852 properabat:
1941 778 2002 828 ens

603 883 772 975 divitias,
797 909 882 960 eam
907 884 1052 959 bonam
1077 883 1220 958 famam
1244 898 1499 982 magnamque
1529 871 1769 947 nobilitatem
1793 875 2001 976 putabant:

581 1005 727 1087 laudis
750 1005 869 1098 aridi,
903 1006 1075 1112 peouniae
1102 1002 1276 1079 liberales
1306 1013 1442 1076 erant:
1475 996 1636 1100 gloriam
1664 997 1874 1101 ingentem,
1906 999 2002 1075 diri·

607 1129 678 1204 tias
696 1129 871 1206 honestat
888 1131 1075 1208 volebant.
1117 1128 1329 1202 Memorare
1344 1146 1507 1225 possem,
1531 1118 1671 1220 quibus
1698 1120 1738 1194 in
1758 1122 1849 1197 locis
1870 1151 2002 1198 moxu-

603 1277 683 1328 mas
700 1251 870 1330 hostium
891 1252 1018 1357 copias
1034 1251 1201 1356 populus
1220 1250 1414 1322 Romanus
1438 1270 1556 1347 parva
1576 1271 1697 1318 manu
1720 1243 1883 1336 fuderit,
1907 1275 2001 1350 quas

601 1377 733 1467 urbes,
748 1394 887 1451 nature
902 1376 1089 1464 munitas,
1105 1372 1315 1478 pugnando
1335 1367 1495 1472 ceperit,
1520 1367 1561 1440 ni
1579 1393 1623 1440 ea
1639 1392 1695 1441 reo
1714 1368 1863 1472 longius
1877 1371 1925 1444 ab
1943 1373 2002 1446 in-

572 1499 713 1602 ⁸oepto
744 1498 918 1576 traheret.
967 1498 1041 1575 Sed
1069 1496 1239 1601 profecto
1273 1495 1430 1569 fortuna
1463 1489 1506 1564 in
1544 1490 1650 1566 omni
1686 1517 1726 1566 re
1755 1490 2002 1569 dominatur:

599 1647 642 1698 ea
661 1645 718 1697 reu
737 1639 894 1698 cunctas
918 1651 964 1698 ex
980 1621 1156 1696 lubidine
1176 1619 1309 1722 magis,
1330 1641 1449 1718 quam
1468 1638 1514 1686 ex
1533 1640 1622 1689 vero
1634 1615 1800 1690 celebrat
1811 1617 2003 1692 obscurat-

599 1761 684 1848 que.
709 1742 1002 1820 Atheniensium
1021 1768 1077 1818 res
1091 1758 1218 1848 gestie,
1229 1738 1342 1815 sicuti
1359 1764 1426 1842 ego
1444 1753 1622 1827 aeetumo,
1642 1737 1730 1812 setis
1749 1739 1885 1843 amplae
1900 1769 2003 1846 mag-

600 1939 670 2000 l'ur.
683 1961 711 2002 r.
723 1940 810 2002 Bern.
828 1961 854 2002 r.
872 1937 1095 2000 etllittersbusii
1113 1937 1212 1998 Codd.
1231 1937 1268 1998 de
1288 1937 1419 1998 Parisino
1436 1959 1498 2000 uon
1513 1939 1614 2018 liquet.
1636 1933 1731 2013 mugio
1744 1935 1891 2014 magisque
1908 1937 2003 1998 entol-

601 2043 660 2104 lera
675 2043 836 2124 Ingenium.
852 2042 970 2105 Putech.
982 2043 1080 2103 codd.
1097 2042 1166 2106 vin.
1179 2063 1207 2104 2.
1224 2043 1309 2104 Rem.
1323 2043 1404 2104 Laid.
1422 2066 1452 2128 g.
1473 2043 1567 2122 magio
1583 2039 1743 2120 iugerum.
1757 2039 1820 2100 Bm.
1837 2041 1866 2112 4.
1880 2041 1960 2102 Leid.
1976 2063 2002 2103 o.

599 2165 675 2227 susp.
689 2157 791 2208 sume
802 2149 901 2226 Jtrm.
921 2156 972 2208 est.
985 2155 1081 2207 -runt
1097 2155 1126 2208 et
1139 2149 1225 2207 estin
1238 2148 1368 2209 Palatino
1386 2169 1469 2209 nono
1483 2149 1598 2209 omina.
1615 2153 1780 2205 memoratu
1793 2155 1855 2206 ort.-
1877 2157 1918 2208 ert
1939 2169 2001 2207 om.

599 2251 681 2312 Leid.
697 2272 724 2312 n.
739 2251 863 2314 simulne
874 2251 1066 2334 bellipotens
1081 2261 1146 2312 erat
1152 2291 1164 2326 ‚
1179 2252 1213 2312 in
1228 2253 1332 2314 eastris
1343 2273 1398 2335 per
1411 2253 1540 2313 laborem
1556 2272 1609 2312 uru
1621 2249 1759 2310 militiam
1773 2249 1921 2312 dae'reebot:
1942 2249 2012 2314 heo.

600 2357 784 2436 opu'morum
804 2356 902 2416 codd.
915 2357 1013 2417 lectio.
1028 2356 1128 2416 laudet
1149 2377 1267 2439 quoquo
1280 2357 1419 2418 Diomod.
1434 2381 1465 2440 p.
1481 2349 1550 2438 429.
1565 2355 1680 2417 Pubch.
1693 2355 1774 2416 undo
1789 2367 1868 2438 patet
1881 2341 1948 2418 eum
1962 2360 2004 2420 ri-

602 2459 701 2520 mulae
710 2462 819 2543 legino
838 2460 927 2522 timul
936 2462 1045 2524 loboris
1061 2481 1100 2523 oe
1115 2463 1192 2524 belli.
1209 2464 1306 2524 Senot.
1318 2483 1348 2524 2.
1373 2464 1474 2525 Hense.
1487 2465 1588 2525 Vinnr.
1602 2482 1631 2522 2.
1649 2462 1681 2520 in
1695 2449 1793 2522 Gueli.
1812 2483 1858 2522 12.
1877 2473 1944 2542 poet
1960 2465 2003 2526 ει·-

600 2563 795 2648 mrdtpetiom
806 2567 950 2628 relictum.
967 2565 1074 2628 laboris
1084 2566 1173 2628 simod
1187 2587 1224 2628 oo
1239 2567 1308 2626 belli
1318 2569 1415 2630 Strnr.
1436 2568 1566 2630 iuvemus
1576 2564 1659 2648 parit
1672 2587 1710 2627 oo
1722 2565 1790 2629 belli
1797 2567 1912 2647 patt‘eno
1928 2581 2001 2630 erat.

601 2670 689 2729 Palot.
703 2671 733 2742 4.
752 2671 842 2732 simut
858 2691 895 2733 oo
906 2672 988 2752 pecie
1001 2681 1030 2733 et
1045 2671 1121 2733 belli.
1138 2673 1236 2733 Guell.
1254 2671 1284 2733 3.
1298 2673 1398 2756 Veget.
1416 2673 1453 2734 do
1474 2695 1506 2735 re
1521 2675 1585 2732 mil.
1605 2677 1625 2732 l.
1642 2673 1670 2742 4.
1690 2671 1741 2730 ubi
1756 2669 1817 2732 heo
1834 2675 2001 2736 laudantur.

600 2773 689 2834 ednod
700 2775 812 2836 laboret
823 2784 852 2836 et
864 2776 940 2837 tolli.
959 2777 1059 2864 llomr.
1071 2777 1104 2838 iu
1120 2779 1259 2858 margine.
1268 2777 1396 2856 periodi
1409 2776 1498 2838 rimu]
1508 2797 1548 2836 oe
1559 2776 1635 2836 tolli.
1648 2775 1729 2835 Leid.
1738 2799 1764 2836 o.
1779 2777 1869 2837 timul
1882 2789 1909 2838 et
1919 2781 2004 2841 labo·
2109 2845 2114 2854 ,

498 2885 506 2897 “
575 2949 578 2954 Δ
602 2876 644 2938 rit
658 2887 687 2937 et
703 2879 783 2938 belli.
799 2879 880 2938 Leid.
891 2878 924 2938 lr.
944 2880 1104 2940 docebam.
1123 2879 1185 2938 Boo.
1201 2901 1227 2939 ι.
1244 2903 1286 2940 m.
1299 2901 1345 2960 pr.
1358 2878 1456 2940 Guoll.
1469 2881 1498 2940 6.
1515 2899 1571 2959 per
1585 2879 1793 2941 loborrbttumr.
1803 2883 1871 2948 Vin.
1882 2896 1946 2946 met
1962 2888 2002 2947 ita

601 2983 680 3062 plur.
693 2981 763 3062 Veg.
777 2981 847 3047 edit.
858 3003 953 3042 tuum.
966 2980 1056 3044 leod.
1070 2983 1133 3042 Bas.
1146 2984 1259 3044 mlldit.
1272 2992 1329 3046 ret.
1344 2981 1437 3042 Cortii
1447 2988 1525 3060 plur.
1536 2985 1607 3066 Veg.
1618 2984 1688 3044 edit.
1698 2995 1727 3046 et
1741 2997 1828 3066 mspt.
1843 2988 1950 3052 loboris
1964 3013 2002 3053 ue

475 3069 484 3153 ,¹
601 3086 670 3147 tolli
678 3086 767 3147 tumul
787 3085 902 3166 patiam
917 3087 1047 3148 decebat
1066 3087 1204 3147 mib'tt‘om
1219 3110 1272 3148 usu
1285 3089 1490 3169 perlatorem.
1514 3089 1576 3148 Bas.
1587 3090 1616 3160 4.
1638 3089 1760 3152 mildioe.
1776 3093 1870 3154 Basa.
1891 3094 1959 3156 Tur.
1974 3119 2000 3156 r.
2074 3109 2080 3116 “

603 3214 643 3254 m.
654 3212 701 3274 pr.
715 3193 861 3253 batuam
874 3212 977 3254 omnes
995 3192 1058 3251 Bas.
1078 3192 1163 3253 Bern.
1176 3193 1249 3254 Tur.
1261 3194 1346 3254 Porio.
1361 3193 1421 3254 Erl.
1432 3192 1501 3276 Teg.
1518 3193 1636 3254 Leidb.
1645 3215 1669 3253 e.
1679 3195 1706 3253 k.
1716 3198 1802 3258 ceteri
1813 3197 1894 3259 Leid.
1909 3201 2003 3263 lrabe-

603 3297 652 3356 bnt
665 3307 700 3356 ut
711 3297 780 3358 Vin.
794 3309 824 3360 et
840 3299 911 3376 edit.
927 3287 1010 3360 retur
1024 3297 1127 3358 Cottii.
1149 3299 1239 3360 labor.
1255 3299 1372 3359 Cortius
1387 3300 1486 3362 inritis
1502 3299 1640 3359 omnibus
1658 3297 1753 3358 Codd.
1768 3301 1818 3361 sed
1828 3304 1907 3364 Serr.
1928 3305 2002 3368 Aen.

607 3421 633 3460 ι.
650 3401 720 3462 253.
741 3441 757 3472 „
771 3403 847 3462 Item
864 3403 1008 3480 Salustius
1022 3425 1095 3484 pene
1107 3403 1210 3483 ubique
1229 3404 1308 3464 labos
1317 3403 1414 3485 posuit
1433 3423 1517 3482 quom
1536 3403 1620 3462 nullo
1634 3405 1784 3466 aeremitae
1799 3407 1927 3486 coegere·
1947 3384 2017 3474 ar..

601 3507 678 3568 mus
693 3515 781 3568 orote
794 3517 859 3568 erat
877 3507 956 3568 obest
970 3508 1051 3568 Leid.
1067 3509 1096 3574 d.
1107 3509 1312 3588 transpositum
1321 3508 1404 3569 Leid.
1415 3509 1440 3568 l.
1452 3506 1484 3567 b.
1499 3527 1561 3568 non
1576 3519 1709 3570 armatur
1722 3511 2002 3591 borte'ssormidolo-

602 3629 672 3686 ruo:
693 3609 755 3673 beo
771 3633 826 3694 up..
839 3611 922 3672 Cort.
937 3614 1060 3685 omissa,
1086 3613 1200 3672 incuria
1213 3611 1398 3670 librariorum
1420 3623 1504 3691 puto.
1525 3611 1569 3672 ric
1580 3632 1609 3672 re
1624 3614 1748 3694 quisque.
1764 3618 1826 3678 Bas.
1843 3641 1868 3680 r.
1881 3621 1910 3693 4.
1931 3623 2000 3706 Teg.

600 3716 670 3780 Tor.
682 3739 708 3779 r.
725 3717 811 3778 Rern.
824 3716 896 3777 κδ.
914 3716 1000 3776 Loid..
1016 3737 1043 3774 e.
1056 3737 1084 3794 ρ.
1103 3715 1133 3782 d.
1146 3715 1221 3777 h.k.
1238 3717 1258 3774 i.
1281 3734 1395 3775 msto.
1416 3716 1503 3774 etiam
1517 3714 1598 3776 leid.
1613 3720 1633 3782 l.
1651 3740 1693 3779 m.
1709 3741 1755 3800 pr.
1771 3721 1783 3779 ι’
1799 3725 1831 3782 in
1849 3732 2002 3791 omutnrit

601 3847 643 3885 m.
659 3843 716 3885 seo.
738 3823 858 3882 Perisiui
877 3841 992 3881 omues..
1005 3821 1127 3902 plurimi
1155 3818 1272 3878 Gruteri
1285 3817 1363 3878 libri.
1383 3817 1481 3878 Guell.
1499 3841 1523 3878 ι.
1540 3819 1568 3890 4.
1584 3843 1612 3902 7.
1630 3841 1675 3882 ιι.
1693 3821 1806 3886 Fabrio.
1823 3839 1917 3912 uterq.
1936 3832 2000 3896 Ine.

602 3949 634 3991 ι.
649 3927 739 3990 dead.
750 3929 847 3988 Senot.
861 3945 890 3986 2.
906 3925 993 3988 Rem.
1004 3946 1032 3986 α.
1052 3923 1095 3986 oio
1106 3923 1231 4003 qm'sque.
1248 3921 1311 3984 Bao.
1329 3943 1357 3982 2.
1370 3921 1399 3986 3.
1415 3923 1512 3984 Guell.
1533 3946 1560 3986 α.
1574 3925 1603 3988 3.
1617 3927 1645 3987 6.
1658 3927 1686 3988 8.
1704 3949 1749 3988 ιι.
1765 3930 1885 3993 Ecoord.
1899 3937 1999 4002 Vinor.
2015 3933 2019 3942 ’

600 4034 697 4097 Stmr.
711 4035 775 4096 Ino.
798 4055 829 4093 1..
837 4033 924 4093 Rem.
944 4052 971 4090 r.
990 4030 1072 4091 Loid.
1089 4028 1121 4088 b.
1137 4051 1166 4112 g.
1183 4051 1224 4088 m.
1245 4028 1287 4089 rie
1303 4027 1463 4108 plusquam.
1481 4029 1567 4090 Bern.
1590 4053 1615 4090 ι.
1637 4052 1673 4092 re·
1689 4032 1815 4114 quomo.
1836 4037 1956 4104 Palatio.
1970 4067 1999 4107 2.

471 4215 473 4226 Ι
601 4137 670 4198 Nar.
683 4137 829 4199 Commel.
842 4138 939 4199 Guell.
953 4134 1159 4214 briqudqne.
1173 4135 1270 4194 Sonat.
1287 4155 1312 4194 1.
1335 4134 1433 4194 Pemb.
1454 4155 1512 4196 sere
1541 4135 1601 4194 Erl.
1617 4140 1710 4220 legero
1733 4141 1857 4204 ridetur.
1879 4145 1917 4206 at
1934 4149 2001 4212 olie‘s

603 4240 740 4334 complui.
760 4242 841 4303 tud.
856 4243 884 4306 k.
905 4242 967 4306 Boo.
980 4241 1010 4316 4.
1024 4239 1125 4301 Herus.
1139 4242 1208 4302 Sen.
1227 4240 1437 4303 2..Guell'.12.
1458 4261 1499 4300 m.
1517 4261 1563 4324 pr.
1575 4241 1694 4304 Martio.
1718 4254 1746 4307 et
1766 4245 1819 4308 lib.
1837 4269 1866 4310 2.
1885 4225 2013 4315 Weissii.¹
