4542 5318
591 428 664 504 ²9⁰

592 581 735 686 puduit
755 579 906 684 palam,
928 577 1034 654 vobis
1054 576 1320 666 audientibus,
1343 575 1576 652 adulterium
1598 575 1772 652 confiteri
1784 579 1805 652 l
1824 579 1991 676 Quodsi

593 705 664 782 tibi
686 731 756 807 pro
782 730 848 777 me
865 699 964 776 nihil
987 700 1213 804 respondere
1234 699 1451 790 voluissem,
1473 699 1538 776 sed
1562 699 1661 774 iilud
1680 700 1893 778 censorium
1912 701 1990 776 elo·

591 827 697 932 gium
716 829 784 930 Ap.
802 821 954 900 Claudii
967 840 1005 898 et
1025 826 1066 896 L
1081 822 1243 914 Pisonis,
1263 821 1595 925 integerrimorum
1607 822 1796 913 virosum,
1809 851 1887 924 quo
1901 851 1990 900 usus

592 967 647 1024 est
672 949 834 1052 quisque
855 972 1009 1034 eorum,
1029 973 1101 1049 pro
1122 947 1202 1050 lege
1222 945 1351 1049 palam
1382 945 1565 1020 universis
1598 945 1796 1021 recitarem
1814 979 1827 1020 ε
1858 975 1990 1023 nonne

593 1071 662 1148 tibi
679 1071 828 1147 viderer
845 1086 1002 1144 aeternas
1022 1069 1175 1144 inurere
1192 1069 1377 1158 maculas,
1403 1093 1497 1169 quas
1516 1067 1663 1170 reliqua
1683 1069 1759 1143 vita
1778 1087 1843 1144 tua
1861 1071 1989 1148 eluere

591 1223 672 1274 non
691 1193 830 1297 possit?
864 1195 994 1294 Neque
1008 1209 1093 1296 post
1115 1192 1226 1268 ilium
1244 1191 1433 1268 delectum
1456 1207 1607 1266 senatus
1631 1207 1668 1266 te
1686 1219 1873 1294 umquam
1893 1195 1989 1270 vidi-

591 1343 683 1392 mus.
708 1317 787 1390 Nisi
811 1315 907 1392 sorte
932 1317 974 1390 in
993 1343 1036 1390 ea
1064 1335 1100 1390 te
1119 1331 1239 1390 castra
1260 1315 1478 1405 coniecisti,
1501 1342 1578 1417 quo
1601 1315 1724 1414 omnis
1744 1317 1893 1391 sentina
1918 1318 1990 1394 rei-

589 1441 756 1545 publicae
776 1439 1020 1520 confluxerat.
1061 1441 1111 1512 At
1135 1438 1236 1512 idem
1260 1439 1459 1529 Salustius,
1484 1438 1552 1540 qui
1578 1439 1621 1515 in
1644 1465 1737 1542 pace
1762 1466 1818 1515 ne.
1837 1457 1989 1517 senator

591 1565 748 1666 quidem
772 1578 978 1651 manserat,
1003 1577 1130 1664 postea
1151 1585 1268 1662 quam
1290 1561 1503 1665 respublica
1524 1561 1638 1636 armis
1658 1587 1832 1665 oppressa
1856 1581 1927 1654 est,
1951 1581 1990 1640 et

590 1687 692 1768 idem
711 1687 858 1776 victor„
878 1685 946 1788 qui
967 1685 1109 1760 exsules
1124 1683 1296 1773 reduxit,
1323 1683 1367 1758 in
1382 1699 1557 1758 senatum
1579 1699 1664 1786 post
1683 1700 1913 1785 quaesturam
1934 1704 1990 1762 est

591 1809 778 1884 reductus.
827 1808 954 1904 Quem
981 1805 1166 1880 honorem
1190 1807 1244 1880 ita
1272 1805 1396 1910 gessit,
1423 1821 1468 1882 ut
1496 1804 1603 1888 nibil
1620 1806 1662 1879 in
1683 1833 1727 1882 eo
1749 1834 1830 1882 non
1857 1809 1990 1884 venale

592 1931 800 2020 habuerit„
823 1931 937 2007 cuius.
965 1929 1103 2030 aliquis
1132 1945 1281 2031 emptor
1311 1928 1435 2004 fuerit.
1480 1932 1537 2004 lta
1559 1929 1676 2032 igitur
1699 1930 1791 2032 egit,
1816 1945 1863 2005 ut
1889 1930 1990 2010 nihil

592 2079 671 2130 non
688 2058 844 2154 aequum
865 2075 1062 2126 acierum
1083 2051 1255 2140 duxerit,
1281 2051 1388 2152 quod-
1412 2051 1483 2154 ipsi
1507 2051 1629 2126 fauere
1652 2051 1902 2129 collibuisset:
1927 2082 1992 2131 ne-

589 2203 666 2277 que
689 2175 800 2250 aliter
818 2174 987 2261 vexavit,
1006 2199 1050 2248 ac
1071 2172 1219 2262 debuit,
1244 2174 1276 2247 si
1296 2173 1382 2275 quis
1398 2173 1536 2276 praedae
1551 2173 1634 2248 ioco
1653 2175 1858 2277 accepisset
1873 2180 1991 2281 magi-

590 2316 759 2372 stratum.
792 2299 948 2370 Peracta
976 2311 1184 2396 quaestura,
1208 2311 1455 2396 posteaquam
1471 2321 1609 2399 magna
1629 2295 1789 2401 pignora
1811 2300 1863 2372 eis
1881 2301 1994 2377 dede-

592 2437 670 2509 rat,
702 2445 793 2493 cum
813 2418 954 2520 quibus
979 2415 1232 2494 similitudine
1254 2416 1341 2490 vitre
1361 2441 1399 2490 se
1425 2418 1701 2508 coniunxerat,
1724 2445 1829 2496 unus
1846 2422 1922 2496 iam
1946 2451 1992 2500 ex

592 2541 659 2616 illo
680 2565 789 2645 grege
811 2539 1021 2616 videbatur.
1067 2539 1159 2613 Eius
1188 2540 1292 2614 enim
1321 2539 1440 2644 partis
1463 2540 1656 2642 exemplar
1681 2558 1768 2618 erat
1787 2541 1990 2637 Salustius,

592 2692 670 2768 quo
690 2680 875 2765 tanquam
896 2663 937 2735 in
953 2662 1072 2736 imam
1091 2659 1310 2766 voraginem
1330 2664 1648 2738 coetusomnium
1673 2664 1855 2742 uitiorum
1873 2695 1994 2745 excea-

522 2883 524 2888 .
591 2812 713 2863 seras:
747 2782 935 2886 quidquid
963 2783 1276 2886 impudicorum,
1291 2785 1507 2875 cillonum,
1521 2787 1819 2890 parricidarum,
1844 2793 1993 2867 sacrile-

592 2937 745 3012 gorum,
772 2905 996 2986 debitorum,
1013 2906 1088 2984 fuit
1104 2907 1145 2982 in
1165 2908 1276 2984 urbe:
1303 2909 1543 3013 municipiis,
1569 2910 1747 3002 coloniis,
1771 2913 1883 2990 Italia
1905 2931 1994 3006 tota,

592 3029 909 3120 meminiretis,
934 3030 1196 3121 subsederant,
1222 3031 1554 3134 nominis-perditi
1578 3029 1622 3108 ac
1648 3035 1855 3125 notissimi,
1882 3038 1990 3112 nulla

595 3154 635 3228 in
658 3169 769 3256 parte
786 3151 916 3227 castris
936 3153 1015 3255 apti
1041 3209 1051 3242 ,
1077 3151 1324 3228 nisilicentia
1346 3153 1527 3228 vitiorum
1549 3173 1598 3232 et
1626 3157 1838 3260 cupiditate
1865 3187 1995 3236 rerum

567 3301 789 3378 73novarum.
839 3277 890 3350 At
905 3291 1029 3378 postea
1059 3301 1177 3376 quam
1190 3291 1334 3378 praetor,
1351 3275 1473 3350 factus
1488 3279 1756 3372 ·est,1nodeste
1776 3306 1815 3356 se
1836 3284 1994 3386 gestitet

595 3396 836 3471 abstinenter.
887 3398 1025 3470 Nonne
1044 3397 1096 3470 ite
1115 3397 1355 3500 provinciam
1370 3399 1547 3486 vastavit,
1571 3417 1616 3474 ut
1635 3401 1735 3477 nihil
1753 3431 1877 3507 neque
1896 3408 1993 3510 passi

510 3537 526 3554 '
594 3517 811 3616 sint-atque
842 3519 1105 3620 exspectarint·
1125 3521 1282 3624 gravius·
1307 3521 1349 3596 in
1376 3521 1477 3597 bello
1502 3524 1593 3598 socii
1618 3526 1761 3616 nostri,
1791 3555 1909 3629 quam
1932 3554 1995 3604 ex·
2028 3591 2031 3602 .

594 3639 693 3746 perti
709 3654 802 3714 sunt
823 3638 999 3742 inpace,
1022 3639 1097 3716 hoc
1115 3643 1522 3720 Africam-interiorem
1538 3645 1891 3726 obtinentei'unde
1910 3667 1994 3728 tan-

594 3858 674 3925 trid.
687 3881 719 3920 c.=
735 3859 855 3942 Popme.
876 3858 1050 3922 otddae‘ctttm
1070 3861 1306 3944 Bas-Rimmon.
1326 3887 1409 3944 qtoem
1428 3870 1715 3950 nonpudusrit'iies.
1734 3870 1850 3952 tibipro
1863 3873 1998 3934 manilii!

595 3962 757 4024 Bastflteid.
768 3986 794 4030 e.
815 3985 852 4024 ao
871 3967 912 4024 id.
927 3964 990 4025 Sol.
1011 3966 1077 4026 Bas.x
1095 3967 1138 4025 it‘o
1150 3969 1226 4050 egit,
1253 3969 1356 4047 (igitur
1376 3974 1494 4052 omisso)
1508 3973 1661 4036 sarmit.
1676 3995 1703 4034 c.
1723 3984 1764 4033 est
1778 3975 1914 4037 nductiss
1933 3975 1997 4037 bas.

596 4063 677 4132 ont.
689 4070 795 4143 fucere
810 4065 946 4127 collibuit
960 4068 1023 4128 Bau.
1053 4091 1134 4149 mog.
1148 4071 1288 4152 mespilae
1306 4073 1368 4140 Bas.
1388 4087 1452 4135 παι
1479 4079 1601 4156 evempl.
1621 4077 1691 4142 lius.⁴
1703 4075 1784 4137 Laid.
1805 4099 1831 4138 e.
1852 4089 1998 4158 tanquam

596 4167 884 4250 hnmani-voragine
899 4171 955 4232 uic.
977 4182 1093 4244 tontum
1106 4174 1144 4234 'in
1160 4195 1300 4240 anemo.
1322 4177 1404 4244 Gud.
1423 4179 1484 4240 Bas
1505 4182 1587 4242 Leid'.
1598 4203 1625 4243 e.
1636 4177 1774 4262 --Cop
1791 4205 1820 4263 7.
1841 4203 1879 4244 oc
1896 4195 1999 4264 posteo

596 4290 685 4351 qaam
702 4283 822 4352 praetor
841 4277 997 4354 estsmtus
1008 4277 1080 4342 Bas.
1105 4282 1224 4362 pasius
1237 4281 1270 4345 iu
1285 4281 1359 4348 bello
1379 4283 1441 4346 Bas.
1460 4285 1542 4347 leid.
1554 4307 1580 4350 c.
1592 4287 1700 4364 fumat
1722 4283 1824 4349 Coesor
1842 4286 1906 4349 uas.
1926 4289 1998 4351 sotis
