4582 5320
646 443 712 492 112

591 605 629 676 28
639 595 726 672 usui
747 594 894 684 forent,
919 590 1187 667 decernuntur.
1224 588 1275 661 At
1292 581 1496 690 Iugurtha,
1523 596 1656 656 contra
1678 605 1784 681 spem
1806 576 1951 652 nuncio
1973 595 2034 652 ac'-

635 733 764 822 cepto,
790 716 935 819 quippe
955 713 1018 789 cui
1035 713 1163 786 Romae
1183 709 1312 784 omnia
1333 733 1474 782 venum
1498 704 1553 779 ire
1577 701 1767 778 inanimo
1792 698 1965 794 haeserat,
1991 697 2034 774 li-

636 841 734 915 lium
756 855 794 914 et
821 866 911 914 cum
930 862 974 911 ec
993 836 1088 911 duos
1111 832 1308 907 familiaris
1338 829 1387 904 ad
1418 829 1599 903 Senatum
1628 827 1766 932 legatos
1789 823 1931 899 mittit:
1957 823 2033 900 bis-

634 989 710 1064 que
731 975 776 1035 ut
796 960 887 1051 illis,
918 985 1012 1062 quos
1028 955 1245 1059 Hiempsale
1270 951 1467 1028 interfecto
1488 949 1658 1038 miserat,
1682 948 1890 1051 praecepit,
1910 949 2032 1024 omnis

634 1069 805 1160 mortalis
831 1081 994 1187 pecunia
1015 1078 1295 1184 adgrediamur.
1336 1074 1416 1170 Qui
1440 1090 1644 1178 postquam
1673 1071 1833 1146 Romam
1854 1070 2033 1145 adventa-

632 1208 749 1300 bant3
768 1207 927 1282 Senatus
947 1232 968 1278 a
988 1203 1107 1277 Bestia
1129 1199 1325 1276 'consultus
1345 1211 1425 1272 est:
1451 1195 1666 1298 placeretne
1682 1193 1820 1298 legatos
1837 1193 2032 1298 Iugurthae

637 1328 757 1431 recipi
778 1328 992 1418 moenibus3
1015 1322 1135 1425 hique
1147 1323 1341 1398 decrevere
1356 1351 1362 1392 :
1383 1317 1456 1393 nisi
1470 1343 1630 1421 regnum
1644 1316 1844 1419 ipsumque
1859 1316 2030 1391 deditum

632 1451 838 1538 venissent,
862 1449 921 1523 uti
941 1448 982 1521 in
1005 1447 1137 1522 diebus
1157 1441 1352 1549 proxumis
1380 1439 1510 1515 decem
1530 1438 1641 1513 Italia
1664 1438 1895 1512 decederent.
1935 1443 2032 1515 Con-

631 1572 692 1646 sul
713 1571 888 1646 Numidis
910 1597 956 1644 ex
981 1569 1109 1645 Senati
1141 1567 1291 1642 decreto
1313 1562 1493 1638 nunciari
1521 1561 1648 1656 iubet3
1673 1561 1726 1634 ita
1750 1560 1898 1636 infectis
1921 1563 2031 1638 rebus

634 1695 692 1768 illi
712 1693 871 1770 domum
895 1693 1103 1767 discedunt.
1152 1689 1312 1764 Interim
1339 1684 1586 1789 Calpurnius,
1611 1701 1744 1788 parato
1772 1687 1957 1776 exercitu,
1980 1687 2030 1762 le-

630 1832 695 1920 gat
712 1816 785 1889 sibi
806 1814 979 1890 homines
1001 1812 1158 1902 nobilis,
1193 1811 1387 1898 factiosos,
1410 1834 1576 1910 qumum
1593 1807 1837 1897 auctoritate,
1862 1835 1947 1910 quae
1969 1810 2030 1886 de-

631 1938 815 2039 liquisset,
834 1937 985 2009 munita
1000 1934 1081 2008 sore
1095 1934 1294 2036 sperabat:
1321 1931 1364 2004 in
1384 1931 1469 2032 quis
1484 1930 1559 2003 fuit
1575 1930 1754 2018 Scaurus,
1773 1930 1881 2007 cuius
1899 1932 1947 2006 de
1963 1959 2029 2008 na-

632 2076 718 2134 tura
739 2074 777 2133 et
795 2037 935 2131 habitu
955 2080 1069 2160 supra
1089 2055 1387 2130 memoravimus.
1425 2053 1523 2126 Nam
1543 2053 1585 2127 in
1607 2054 1769 2129 Consule
1786 2071 1915 2129 nostro
1932 2055 2028 2130 mul-

633 2199 680 2257 tae
698 2183 886 2282 bonaeque
909 2195 1006 2254 artes
1033 2177 1153 2253 animi
1174 2194 1213 2252 et
1241 2176 1408 2280 corporis
1436 2193 1572 2267 erant,
1604 2204 1698 2280 quas
1725 2179 1848 2253 omnis
1874 2179 2026 2252 avaritia

632 2304 909 2410 praepediebat;
932 2303 1080 2406 patiens
1097 2302 1293 2388 laborum,
1319 2299 1398 2374 acri
1419 2298 1588 2404 ingenio,
1612 2301 1699 2375 satis
1714 2301 1931 2403 providens,
1951 2302 2027 2376 bel·

632 2427 661 2501 li
684 2425 790 2501 haud
807 2425 977 2530 ignarus,
1004 2421 1251 2498 firmissumus
1274 2438 1407 2496 contra
1429 2421 1601 2525 pericula
1625 2440 1663 2498 et
1686 2422 1847 2499 insidias.
1868 2425 1960 2512 ,sed
1975 2425 2027 2499 le-

634 2550 761 2663 giones
782 2575 852 2651 per
869 2547 1021 2621 Italiam
1042 2544 1251 2648 Rhegium,
1276 2561 1392 2646 atque
1418 2542 1509 2620 inde
1527 2545 1712 2636 Siciliam,
1736 2575 1851 2651 porro
1872 2576 1917 2623 ex
1940 2549 2028 2624 Sici·

636 2672 688 2746 lia
710 2672 751 2745 iu
770 2671 939 2747 Africam
960 2683 1193 2760 transvectam
1220 2666 1337 2771 igitur
1361 2666 1593 2768 Calpurnius
1615 2669 1745 2760 initio,
1767 2673 1907 2774 paratis
1930 2699 2028 2748 com·

629 2795 834 2888 meatibus,
866 2794 1004 2870 acriter
1028 2790 1249 2865 Numidiam
1271 2790 1455 2892 ingressus
1483 2805 1562 2879 est,
1603 2791 1818 2895 multosque
1833 2786 2027 2882 mortalis,

586 2935 672 2996 ²9et
691 2919 804 2994 urbes
830 2917 978 3020 aliquot
998 2911 1209 3019 pugnando
1237 2911 1346 3015 cepit
1388 2910 1460 2986 Sed
1484 2913 1553 2987 ubi
1586 2913 1770 3019 Iugurtha
1801 2943 1872 3021 per
1893 2918 2027 3025 legatos

711 3117 788 3202 Cap.
806 3121 855 3186 28.
880 3119 982 3190 venire
998 3117 1101 3178 Leidl.
1117 3128 1146 3176 et
1167 3115 1228 3176 duo
1249 3116 1327 3177 Rivii
1346 3115 1424 3176 libri.
1445 3116 1533 3178 Palat.
1554 3120 1696 3178 meliores.
1710 3120 1771 3178 duo
1786 3119 1900 3186 Wasaii.
1925 3139 2026 3183 venitm

629 3225 673 3286 irc
692 3227 788 3286 ceteri.
810 3224 843 3284 in
861 3224 962 3284 οηίιηο
980 3223 1136 3282 inheserat
1155 3220 1217 3280 Bas.
1233 3240 1258 3279 t·
1278 3221 1514 3298 detosarnilt‘eres
1533 3221 1630 3281 Guell.
1646 3243 1675 3304 9.
1692 3243 1737 3288 ιο.
1763 3223 1841 3303 isque
1856 3223 1919 3285 Bas.
1936 3245 1961 3290 t.
1982 3225 2025 3286 lu's

628 3327 712 3392 Bern.
728 3348 753 3393 t.
771 3328 907 3409 praeeqsil
927 3328 1013 3386 multi
1033 3325 1114 3390 Cort.
1135 3323 1234 3384 codd.
1252 3323 1332 3385 leid.
1343 3325 1373 3383 d.
1384 3323 1415 3384 b.
1426 3326 1446 3385 i.
1459 3328 1481 3385 l.
1503 3326 1637 3406 precipit
1660 3327 1728 3388 vin.
1745 3349 1769 3386 ι.
1795 3329 1861 3391 Seu.
1880 3350 1905 3389 r.
1926 3331 1985 3391 inc.
2000 3350 2024 3388 1.

590 3443 591 3446 ’
628 3431 707 3492 Vrat.
722 3452 746 3490 1.
767 3436 865 3511 plures
879 3427 984 3492 Guell.'
998 3431 1085 3490 ceteri
1098 3429 1179 3489 Laid.
1200 3429 1262 3489 Bas.
1277 3450 1303 3489 ι.
1329 3438 1362 3488 ut
1378 3450 1458 3490 omn.
1476 3439 1564 3490 mort.
1584 3431 1651 3490 San.
1667 3452 1691 3490 1.
1712 3431 1825 3494 Fabrie.
1841 3454 1868 3494 2.
1887 3434 1986 3496 vinu.
1998 3455 2024 3495 2.

628 3533 680 3596 lle.
700 3535 798 3594 Guell.
813 3533 841 3604 l.
859 3554 905 3593 ιι.
925 3533 1007 3592 Leid.
1020 3553 1047 3591 a.
1061 3553 1087 3592 e.
1112 3531 1173 3590 llas.
1186 3533 1214 3604 l.
1240 3532 1309 3594 Tur.
1335 3533 1421 3594 Bam.
1439 3555 1464 3594 1.
1479 3534 1509 3595 ὅ.
1534 3554 1615 3596 omn.
1637 3544 1669 3595 ut
1682 3557 1722 3602 m.
1751 3536 1861 3602 Fabric.
1887 3537 1984 3603 Gueli.
1998 3559 2024 3600 a.

626 3641 686 3701 Erl.
716 3637 809 3698 Rome
826 3639 942 3696 advent.
961 3637 1057 3700 Turio.
1078 3634 1190 3695 Febris.
1206 3657 1232 3696 ι.
1242 3657 1271 3697 2.
1291 3637 1436 3698 consultus
1452 3647 1504 3700 cst.
1524 3647 1565 3700 est
1578 3659 1640 3700 om.
1657 3650 1713 3702 tres
1725 3639 1818 3700 Curtii
1833 3641 1911 3702 libri.
1940 3644 2024 3722 tuus

627 3747 725 3827 plures
736 3741 815 3802 libri.
836 3740 872 3800 lu'
883 3740 968 3800 bem.
984 3758 1010 3797 ι.
1031 3738 1065 3797 ni
1079 3758 1203 3818 regnum
1222 3744 1319 3821 plures
1331 3741 1419 3804 hirii.
1432 3762 1533 3802 omnes
1548 3743 1636 3804 Palat
1666 3744 1716 3823 (ni
1730 3745 1835 3826 fallor)
1861 3746 1922 3807 an.
1933 3749 1963 3820 4.
1983 3748 2025 3808 ita

627 3851 750 3912 domum
766 3843 871 3907 reversi
885 3853 954 3905 aaut
971 3841 1057 3904 Fabr.
1081 3863 1107 3902 r.
1126 3844 1195 3903 Tur.
1217 3863 1274 3908 rev.
1284 3853 1352 3904 aunt
1371 3846 1457 3904 etiam
1465 3845 1550 3912 Faba.
1560 3867 1588 3908 2.
1609 3857 1780 3910 transvectus
1792 3859 1860 3910 aunt
1878 3849 1938 3913 Eri.
1958 3851 2024 3936 Teg.

627 3951 739 4018 [sida.
751 3951 781 4010 d.
792 3951 812 4009 l.
825 3971 853 4034 g.
863 3947 896 4009 b.
906 3951 926 4009 i.
936 3948 964 4008 l.
978 3947 1047 4044 Tur.
1061 3947 1146 4040 Bam.
1162 3969 1187 4009 1.
1209 3947 1294 4010 itu‘tio
1309 3946 1418 4009 aerim·
1430 3939 1574 4033 Calpurn.
1602 3953 1665 4014 Bas.
1675 3975 1701 4015 1.
1715 3935 1938 4036 iarpmdtasorc
1957 3955 2022 4020 vin.

628 4075 658 4122 Ι2.
678 4057 782 4115 mullos
794 4053 931 4122 mortales
949 4052 1053 4114 Iunc.
1072 4052 1159 4113 Febr.
1178 4072 1205 4117 2.
1236 4054 1322 4113 ctiam
1339 4052 1425 4116 Fabr.
1446 4077 1472 4118 ι.
1499 4077 1554 4138 que
1567 4059 1644 4122 iuter
1664 4061 1763 4122 lineas.
1792 4071 1820 4122 et
1837 4063 1902 4123 urb·
1922 4071 1950 4122 et
1964 4083 2022 4126 om.

626 4156 686 4224 ul.
707 4157 803 4228 Gnall.
818 4180 863 4226 ιο.
884 4158 963 4241 sapit
981 4159 1041 4218 inc.
1054 4178 1079 4218 ι.
1100 4167 1129 4218 et
1148 4157 1208 4219 duo
1224 4158 1275 4220 alii
1291 4156 1373 4219 Cort.

657 4311 660 4316 ¹
689 4280 762 4368 Cup.
778 4305 825 4370 ²9·
845 4305 883 4350 ue
898 4287 1029 4351 minister
1047 4285 1142 4354 Strui.
1163 4283 1300 4361 Guelfil.
1314 4308 1344 4371 9.
1359 4309 1403 4356 ι2.
1431 4298 1459 4352 et
1475 4289 1608 4384 minister
1627 4293 1730 4362 Fraus.
1748 4290 1808 4358 inc.
1822 4314 1847 4362 1.
1868 4292 1965 4356 Guall.
1979 4311 2025 4358 so.
