4560 5338
1616 385 1678 431 Xlll

279 534 337 611 De
355 537 501 626 ceteris,
515 561 609 639 quos
626 535 925 628 laudavit,nibil
946 554 1101 614 constat.
1139 540 1328 616 Ciueconii
1334 539 1487 615 Codices
1512 555 1585 613 tres
1607 565 1680 614 nu·

279 678 496 749 merantur,
522 685 623 736 unus
649 660 718 762 qui
746 661 952 736 Catilinam
977 677 1014 735 et
1039 661 1264 766 Iugurtham
1287 661 1577 766 complectitur,
1603 687 1680 736 me-

280 780 436 878 diocris,
460 785 539 859 duo
557 783 692 858 litteris
714 784 1008 887 Langobardicis
1032 786 1193 874 exarati,
1219 812 1386 888 quorum
1404 811 1475 888 ope
1494 810 1618 887 pauca
1637 785 1680 858 in

278 905 514 980 orationibus
528 922 569 1002 et
591 905 756 1010 epistolis
771 933 817 980 ex
836 907 1028 980 Historiar.
1055 905 1273 1010 fragmentis
1290 907 1513 982 emendavit
1557 907 1681 982 Aldus

279 1031 468 1104 Manutius
487 1047 525 1104 et
546 1030 623 1132 ipse
643 1030 763 1102 tribus
780 1030 863 1102 Mss.
884 1055 973 1102 usus
994 1045 1065 1119 est,
1091 1031 1159 1131 qui
1180 1034 1221 1104 A.
1248 1031 1389 1105 Casarii
1403 1030 1618 1118 Caesenatis,
1643 1033 1679 1102 P.

268 1151 516 1256 -Hyantophii
542 1153 673 1226 Sabini
696 1169 735 1226 et
758 1153 797 1224 F.
812 1152 939 1225 Ursini
964 1151 1076 1226 fuisse
1097 1152 1281 1227 dicuntur
1289 1185 1300 1245 3
1327 1154 1438 1226 bonae
1459 1168 1560 1226 notae
1581 1150 1684 1240 libri,

280 1291 472 1376 quantum
500 1301 546 1350 ex
574 1275 617 1348 iis
642 1273 841 1362 coniicias,
867 1299 953 1374 (prae
982 1273 1154 1348 laudavit
1171 1276 1378 1348 Manutius.
1432 1275 1637 1376 Cyprianus
1657 1303 1682 1346 u

279 1399 425 1495 Popma
440 1421 502 1470 sex
523 1395 638 1470 Codd.
658 1396 740 1469 Mss.
759 1395 801 1468 in
820 1395 982 1488 Salustio
1003 1395 1242 1470 emendando
1264 1395 1461 1488 adhibuit,
1485 1423 1530 1470 ex
1543 1395 1682 1470 Biblioe

240 1495 244 1504 .
280 1517 389 1592 theca
411 1519 457 1590 D.
483 1517 641 1589 Martini
666 1517 852 1618 primum,
886 1518 1174 1606 Lovaniensem,
1203 1517 1449 1619 Genepenm,
1483 1519 1682 1591 Martinia-

281 1667 396 1729 num,
419 1663 534 1739 quem
561 1637 728 1712 Coloniae
755 1635 983 1739 inspexerat3
1014 1636 1159 1710 librum
1182 1636 1383 1711 Guilielmi
1407 1638 1581 1726 Cauteri,
1612 1665 1683 1713 nec

282 1790 362 1838 non
372 1761 486 1837 Codd.
497 1761 693 1849 lectiones,
706 1758 846 1860 quibus
856 1774 967 1834 antea
986 1784 1076 1834 risus
1089 1775 1170 1832 erat
1181 1759 1406 1834 Vincentius
1417 1761 1685 1857 Castilioneus3

282 1886 470 1961 accedunt
500 1883 595 1970 alii,
627 1908 794 1984 quorum
815 1881 997 1956 virtutem
1016 1881 1254 1984 amplissimis
1278 1883 1399 1956 verbis
1421 1883 1584 1972 extollit,
1617 1885 1682 1958 sed

273 2008 382 2096 ‚nihil
395 2009 442 2082 de
453 2008 498 2081 iis
510 2006 665 2080 notavit
688 2007 743 2079 Ne
760 2005 998 2105 reliquorum
1011 2005 1167 2106 quidem
1187 2003 1376 2078 rationem
1389 2006 1476 2078 satis
1491 2008 1683 2108 cognitam

281 2131 486 2218 babemus,
513 2128 604 2232 quia
626 2131 767 2230 Popma
789 2127 1024 2200 coniecturas
1052 2143 1205 2229 captare
1226 2153 1344 2227 quam
1361 2127 1476 2202 Codd.
1505 2128 1683 2204 lectiones

283 2279 465 2359 reponere
485 2251 633 2325 maluit.
659 2252 790 2324 Carrio
804 2249 854 2323 ad
867 2249 981 2324 fidem
1005 2249 1122 2324 trium
1140 2251 1324 2324 Codicum
1341 2252 1546 2327 Catilinam
1566 2270 1604 2327 et
1621 2258 1684 2328 Iu-

283 2375 463 2487 gurtham
482 2372 652 2449 correxit.
690 2371 862 2446 Excussit
885 2371 1165 2461 buslidianum,
1190 2398 1237 2446 ex
1257 2373 1421 2477 Collegio
1446 2376 1682 2466 Buslidiano,

282 2501 613 2580 Gemblacenscm,
637 2493 959 2594 praestantissimos
981 2493 1116 2583 libros,
1142 2521 1323 2597 eumque,
1350 2498 1416 2598 qui
1443 2499 1535 2572 oli'm
1559 2497 1684 2572 fiterat

282 2631 329 2704 D.
347 2617 506 2724 benigni
522 2614 775 2690 Divionensis..
809 2617 855 2687 Ia
882 2615 1429 2718 fragmentisrecognoscendis
1455 2619 1546 2692 libri
1574 2621 1684 2694 Nico·

282 2749 336 2825 lai
365 2742 499 2832 Fabri,
537 2736 749 2814 Cardinalis
774 2736 964 2811 Briconeti
993 2752 1032 2811 et
1052 2737 1262 2812 Vaticanus
1288 2739 1454 2841 optimus
1479 2742 1514 2812 ei
1545 2767 1683 2844 magno

283 2865 604 2950 auxilioluerunt
631 2862 717 2934 Uno
729 2859 905 2935 Mediceo:
917 2858 1030 2932 fluxae
1055 2857 1141 2934 fidei
1157 2885 1246 2936 anus
1267 2877 1321 2935 est
1341 2864 1471 2936 Petrus
1482 2862 1690 2954 Victorius,
1760 2933 1762 2938 .

283 3021 363 3072 uno
380 2993 564 3075 Romano,
583 3010 708 3085 neque
724 3009 767 3059 eo
790 2983 963 3072 meliore,
990 2983 1157 3067 Ursinus
1189 2969 1192 2974 ⁵

333 3118 430 3192 lano
445 3111 606 3186 Mellero
618 3109 822 3194 Palmerio,
838 3104 1051 3214 multorum
1065 3106 1250 3182 Codicum
1264 3107 1559 3182 evolvendorum
1574 3112 1683 3209 copia

284 3241 370 3329 bit,
384 3229 602 3319 Tholosani,
616 3228 866 3314 Bertiniensis,
879 3227 1164 3331 sigeburgensis,
1180 3245 1358 3333 praeterea
1367 3228 1500 3315 Modii,
1513 3229 1684 3318 brunuli,

284 3360 422 3438 Stanaei
454 3358 660 3440 librorum,
685 3366 723 3424 et
751 3348 951 3452 fragmenti
984 3349 1215 3424 Coloniensis
1223 3383 1240 3443 3.
1261 3351 1330 3426 sed.
1354 3377 1395 3424 ea
1423 3349 1547 3424 solum
1573 3353 1684 3426 exiis

284 3559 464 3632 tilinoriun23
484 3554 611 3615 eundem
632 3547 737 3609 bellum
759 3546 979 3627 iugurthinum.
1002 3547 1049 3628 3.),
1063 3551 1103 3608 de
1117 3545 1189 3606 bello
1208 3541 1386 3635 Catilinario
1413 3545 1489 3605 Cod.
1510 3546 1611 3606 chart,
1632 3566 1684 3604 ηρ

284 3665 366 3725 xlv.
408 3662 449 3738 4.)
471 3657 546 3718 eod.
558 3653 683 3716 Membr.
698 3673 761 3712 acc.
775 3653 853 3712 XIV.
873 3653 911 3710 cla
926 3651 1000 3711 bello
1016 3651 1153 3730 Iirgnrtlt.
1190 3649 1238 3728 5.)·
1253 3648 1328 3708 Cod.
1346 3649 1468 3709 membr.
1481 3653 1604 3730 scriptus
1620 3671 1685 3707 ma-

284 3789 326 3828 nu
341 3749 419 3826 Petri
436 3763 473 3824 de
488 3761 624 3822 Doleanis
644 3779 696 3824 au,
721 3754 958 3816 MCCCLXXX..
982 3751 1174 3816 Caldinoritu
1195 3754 1291 3814 liber.-
1319 3753 1609 3832 liber'lugurtlu'nus.
1642 3751 1684 3829 6.)

284 3869 361 3932 cod.
386 3865 589 3929 Membr..sa·.e.
616 3859 694 3922 XIV.
709 3861 838 3920 manau.
859 3857 906 3919 Da
929 3859 1002 3919 bello
1025 3855 1147 3919 cuelin.
1171 3857 1212 3940 7.)
1234 3857 1309 3922 c‘oa
1335 3855 1435 3917 Chart.
1455 3857 1534 3917 xlv,
1554 3867 1588 3916 ur
1603 3855 1684 3915 vid&

285 3979 435 4048 Μ’,ωηο
451 3980 518 4032 ante
535 3987 584 4029 an.
605 3963 697 4036 tddt..
709 3964 772 4024 tina
789 3965 875 4024 titulo
885 3986 893 4036 ς
904 3965 1025 4044 incipit:
1042 3962 1128 4026 Falso
1144 3961 1284 4042 queritur.
1307 3962 1348 4042 8.)
1364 3961 1439 4021 cod.
1454 3961 1576 4024 membr.
1591 3961 1686 4040 scrip·

285 4089 337 4139 tus·
349 4087 378 4139 et
393 4078 556 4157 completus
568 4072 615 4132 dic
633 4066 751 4128 sabbati·
763 4065 870 4126 XXVI.
886 4065 954 4127 Oct.
975 4065 1165 4128 Mecctrv..
1185 4064 1228 4146 9.)
1242 4064 1455 4129 Codlllanbr,
1476 4084 1538 4124 sne.
1553 4063 1615 4122 xv,
1635 4065 1685 4122 in..

287 4193 388 4251 eunte,
401 4181 463 4238 sine
477 4174 722 4254 titulo;,ineipit:
753 4170 847 4230 omm's
862 4167 1001 4232 homiues.
1047 4169 1200 4250 10.).Cod.
1221 4168 1344 4228 Membr.
1364 4167 1434 4229 XV.
1456 4166 1533 4226 med.
1559 4169 1683 4248 incipit,

280 4287 361 4364 salso
379 4283 518 4363 querilur.
565 4279 620 4356 ιι.)
643 4275 719 4336 Cod.
738 4273 862 4334 llembr.
877 4291 939 4334 σεο.
961 4273 1024 4332 XV.
1045 4284 1111 4354 post
1128 4272 1224 4332 med:
1246 4271 1293 4330 De
1312 4271 1384 4330 bello
1403 4267 1561 4335 Catilium.
1582 4279 1609 4331 et
1631 4271 1685 4331 Iu-

287 4390 387 4470 gurm.
410 4387 489 4468 (sine
504 4383 565 4460 tit.)
613 4379 672 4454 aa.)
695 4374 884 4437 coactare.
898 4393 967 4442 sec.
976 4375 1045 4438 XV..
1059 4387 1197 4442 usuum.
1210 4372 1351 4434 Salustius
1364 4373 1563 4436 Catelinarlus.
