4560 5338
595 383 668 434 ml

592 535 767 645 gurtbini
795 535 889 613 ordo
920 532 1093 638 capitum
1118 529 1300 608 confusus
1322 544 1397 621 est,
1430 545 1468 606 et
1501 527 1641 606 desunt
1663 555 1744 606 non
1765 556 1898 636 pauca.
1937 535 2010 610 Cs-

595 679 669 768 put
706 664 798 737 CIII.
828 659 1027 762 excipiunt
1063 657 1175 732 CXII.
1205 657 1335 732 CXIII.
1361 657 1489 732 CXIV.
1515 679 1602 758 quoe
1630 653 1776 759 integra
1803 655 2011 760 leguntur;

596 785 713 860 finem
735 783 827 859 lacit
850 781 971 860 oratio
992 781 1086 884 regis
1101 779 1211 854 Bocci
1237 778 1285 854 ad
1302 779 1443 854 Sillam
1471 777 1639 854 Collatus
1663 795 1717 854 est
1742 795 1780 854 et
1805 777 1871 855 bic
1894 780 2011 869 liber,

594 923 632 984 et
651 909 717 982 ulii
735 907 814 982 duo
832 905 1054 980 basileenses
1074 903 1113 978 in
1133 903 1295 1006 gratiam
1313 903 1431 978 Cortii
1449 904 1498 976 ab
1522 902 1648 990 lselio,
1668 900 1752 992 sed,
1765 917 1811 976 ut
1833 902 1910 978 lere
1932 903 2013 980 ficri

592 1031 705 1121 solet,
731 1029 818 1104 satis
853 1028 1104 1133 negligentem
1128 1051 1255 1127 neque
1287 1041 1383 1130 puto
1411 1024 1491 1100 lieri
1525 1049 1655 1128 posse,
1676 1041 1723 1098 ut
1751 1027 1819 1128 qui
1848 1025 2009 1102 edituros

596 1154 821 1241 consilium,
851 1167 890 1226 et
914 1150 1011 1253 quid
1033 1149 1273 1253 potissimum
1305 1165 1503 1253 sequatur,
1536 1147 1732 1253 cognitum
1754 1175 1835 1226 uon
1853 1147 2012 1240 babeat,

594 1305 655 1368 ea,
683 1304 759 1380 qua
779 1276 887 1351 decet
906 1273 1121 1377 diligentia,
1147 1270 1222 1348 hoc
1242 1299 1402 1349 munere
1422 1273 1615 1376 fungatur.
1649 1271 1762 1346 Unde
1783 1267 1928 1348 sacuam
1942 1290 2013 1368 est,

594 1418 639 1480 ut
672 1400 821 1477 Cortius
861 1397 995 1502 saepius
1030 1396 1126 1471 falso
1162 1394 1270 1474 bunc
1300 1396 1479 1472 Codicem
1511 1395 1758 1484 laudaverit3
1793 1395 1859 1470 sed
1880 1397 2009 1472 omnia

594 1519 820 1627 conquirere
851 1549 985 1597 eorum
1012 1536 1093 1609 est,
1124 1519 1194 1620 qui
1223 1544 1453 1620 magnorum
1483 1517 1656 1593 virorum
1689 1516 1791 1590 vitiis
1817 1520 2010 1622 exagitan-

593 1649 650 1723 dis
666 1647 738 1722 sibi
752 1643 1019 1720 auctoritatem
1039 1654 1227 1742 quaerunt.
1251 1641 1382 1746 Neque
1405 1637 1480 1713 boc
1500 1638 1756 1716 omittendum
1772 1657 1842 1730 est,
1856 1643 2008 1744 tertiam

594 1769 775 1874 paginam
799 1765 874 1842 boc
896 1761 1029 1854 titulo,
1050 1762 1185 1836 litteris
1207 1761 1333 1836 rubris
1351 1761 1508 1866 scripto,
1526 1787 1600 1837 csse
1621 1779 1818 1854 ornatam,
1846 1766 1891 1840 G.
1912 1766 2011 1842 Cris·

589 1900 633 1990 pi
663 1893 814 1967 Salustii
847 1889 980 1963 bellum
1014 1886 1267 1961 cantuarium
1296 1890 1428 1984 incipit.
1481 1885 1624 1960 Littera
1661 1912 1816 1990 quoque
1852 1888 2009 1964 initialis

592 2014 743 2118 pictura
779 2010 944 2115 insignis.
980 2008 1053 2084 Sed
1083 2006 1158 2084 boc
1197 2008 1383 2110 imprimis
1413 2023 1626 2084 memoratu
1659 2009 1850 2115 dignum,
1883 2013 2009 2087 Saltu·
2094 2111 2099 2120 Α

482 2228 484 2232 .
593 2138 694 2214 tium
711 2137 759 2212 in¹
780 2135 959 2210 omnibus
981 2131 1201 2221 Codicibus,
1227 2157 1321 2234 quos
1341 2131 1480 2222 evolvi,
1496 2133 1604 2207 unol
1626 2159 1701 2208 esse
1719 2135 1924 2238 scriptum3
1943 2163 2006 2211 ne·

593 2287 670 2363 que
703 2260 815 2334 aliter
856 2257 898 2333 in
929 2255 1082 2359 optimis
1103 2252 1290 2328 'Prisciani
1326 2255 1431 2344 Mss,
1466 2256 1568 2330 etin
1599 2256 1862 2358 antiquissimo
1889 2259 2006 2334 Servii

595 2383 752 2471 Codice,
777 2382 846 2484 qui
870 2382 912 2456 in
926 2385 1061 2455 'nostra
1087 2375 1321 2456 Bibliotheca
1350 2392 1567 2454 asservatur.
1616 2379 1747 2475 Quare
1773 2379 2008 2484 optimorum

596 2507 788 2581 librorum
808 2504 1039 2608 scripturam
1053 2501 1225 2606 expressi.

663 2629 886 2704 Melioribus
910 2627 1017 2703 libris
1039 2626 1155 2702 etiam
1174 2628 1382 2702 Turiceusis
1402 2628 1432 2702 I.
1459 2623 1770 2703 adnumerandus
1794 2645 1868 2719 est,
1893 2655 2009 2732 quem

597 2751 830 2828 bibliotheca
852 2750 1029 2827 Carolina
1044 2749 1154 2825 nobis
1171 2747 1436 2850 suppeditavit.
1465 2750 1673 2852 Inscriptus
1693 2768 1768 2824 est:
1793 2754 1929 2853 Incipit
1941 2755 2010 2830 Sa-

597 2876 744 2964 lustius,
768 2899 854 2976 quae
881 2873 1007 2946 rubris
1043 2869 1178 2943 litteris
1207 2886 1359 2944 exarata
1388 2885 1488 2944 sunt.
1545 2872 1692 2976 Viginti
1721 2875 1847 2978 capita
1879 2878 2008 2981 priora

600 2997 775 3073 Catilinae
806 3023 829 3069 a
854 2995 985 3069 ceteris
1009 2992 1179 3067 seiuncta
1202 3008 1240 3066 et
1267 2981 1370 3068 bello
1398 2993 1629 3097 Iugurthino
1653 2997 1874 3103 interposita
1907 3017 2006 3077 sunt.

596 3121 725 3196 Etiam
754 3121 841 3195 sub.
859 3117 976 3192 linem
1005 3114 1201 3220 Iugurtha
1224 3116 1466 3220 cumplures
1491 3119 1639 3222 paginae
1672 3138 1855 3198 vetustate
1872 3141 1924 3216 ‚et
1948 3127 2007 3200 in·

598 3245 733 3320 cendio
761 3258 882 3318 essem
915 3239 1048 3316 deletu
1067 3297 1077 3329 ,
1094 3240 1233 3315 'multa
1260 3239 1319 3316 bis
1348 3256 1500 3315 exarata
1534 3270 1605 3318 nec
1626 3269 1748 3348 pauca
1781 3245 1830 3320 ab
1859 3245 1935 3322 alio
1962 3247 2008 3323 li-

598 3367 727 3441 brario
759 3365 901 3466 scripta
934 3389 1008 3438 esse
1038 3362 1226 3439 videntur.
1281 3365 1378 3438 Nam
1404 3381 1504 3440 totus
1531 3367 1648 3440 codex
1678 3395 1700 3442 a
1731 3369 1898 3444 secunda
1928 3399 2008 3446 mn-

598 3517 655 3564 nu
685 3486 907 3562 emendatus
932 3502 995 3559 est.
1038 3488 1121 3560 Imo
1148 3487 1348 3562 nonnullis
1377 3486 1527 3592 paginis
1560 3489 1678 3565 bium
1709 3517 1897 3570 manuum
1931 3489 2009 3571 ves·

598 3612 689 3718 tigia
715 3608 1028 3712 conspiciuntur3
1062 3607 1205 3712 prima,
1231 3634 1318 3711 quae
1338 3609 1531 3700 Codicem,
1558 3615 1744 3703 exaravit,
1767 3616 1898 3708 altera,
1922 3646 2008 3723 quae

598 3737 801 3839 antiquam
829 3732 1066 3835 scripturam.
1078 3732 1267 3823 restituit,
1302 3732 1412 3808 tertia
1439 3735 1675 3839 glossatoris,
1695 3737 1777 3840 ¹qui
1802 3757 1910 3816 notas
1941 3745 2008 3820 ad·

582 3859 757 3965 scripsit.
795 3857 1028 3930 Membranae
1048 3855 1321 3947 vetustissimae,
1344 3855 1483 3934 ductus
1504 3859 1719 3936 litterarum
1733 3860 1858 3965 primo
1875 3867 2006 3946 Codici

597 3983 797 4060 Basileensi
822 3978 929 4056 haud
948 3979 1156 4070 absimiles,
1180 3979 1290 4054 cuius
1312 3979 1491 4058 lectiones
1514 3983 1649 4086 saepius
1670 3985 1882 4064 confirmat
1933 3992 2006 4070 Sed

597 4107 722 4182 multo
740 4105 863 4181 maior
879 4102 1090 4180 similitudo
1108 4102 1143 4178 ei
1157 4103 1360 4180 intercedit
1381 4131 1471 4180 cum
1485 4106 1714 4183 Fabricisno
1726 4109 1870 4215 primo,
1888 4141 2006 4218 quem

599 4228 748 4308 eortius
760 4229 939 4321 excussit,
958 4243 996 4306 st
1008 4227 1288 4334 Tegemseensi,
1301 4253 1418 4334 quem
1429 4230 1873 4314 Harlesiusexarninavit.
1897 4237 2005 4338 Qua·
