4560 5338
1700 255 1772 355 259

361 439 466 542 gium
483 429 643 514 dicitur,
658 424 840 498 Salustius
857 449 903 498 ex
924 422 990 495 tali
1012 449 1140 500 caussa
1164 429 1291 504 vocari
1310 429 1460 523 scribit,
1478 432 1629 510 dicens:
1647 435 1768 510 Italiae

362 560 455 637 olim
467 554 635 632 Siciliam
655 550 903 625 coniunctam
923 545 1051 638 fuisse,
1073 549 1223 625 etdum
1239 569 1331 627 esset
1348 581 1427 632 una
1448 555 1577 648 tellus,
1593 557 1766 636 medium

360 683 528 788 spatium
542 693 612 752 aut
633 702 702 779 per
724 671 995 749 humiditatem
1016 672 1229 777 abruptum
1245 693 1298 750 est
1313 677 1438 780 aquis,
1467 696 1536 753 aut
1556 707 1624 783 per
1645 709 1766 786 angu-

356 809 468 886 stiam
491 804 655 879 scissum.
706 801 756 873 Et
777 789 867 874 inde
891 783 993 902 ῥῆγιον
1012 796 1274 890 nominatum,
1300 802 1391 902 quia
1413 827 1531 905 graeoe
1555 804 1767 908 abruptum

359 931 434 1008 hoc
456 927 613 1005 nomine
630 939 889 1026 nuncupatur.
925 925 991 996 Fst
1008 938 1137 996 autem
1159 921 1431 1014 arctissimum,
1457 925 1575 998 trium
1593 927 1763 1003 millium

356 1055 480 1160 spatio
491 1051 661 1127 Siciliam
681 1047 731 1121 ab
752 1045 861 1120 Italia
883 1044 1074 1134 dividens,
1097 1044 1278 1120 sabulosis
1295 1045 1438 1122 infame
1456 1050 1652 1139 monstris,
1677 1050 1765 1153 qui·

357 1181 429 1255 bus
448 1177 543 1251 hinc
563 1172 654 1248 inde
677 1169 790 1244 Scilla
807 1184 845 1244 ct
865 1166 1066 1244 Charibdis
1089 1169 1311 1244 ostenditur.
1362 1170 1518 1246 Scillam
1543 1174 1680 1250 accolae
1705 1201 1765 1250 su·

356 1331 450 1378 xum
472 1302 515 1376 in
536 1297 634 1372 mari
657 1293 861 1369 imminens
882 1293 1096 1396 appellant,
1119 1292 1242 1366 simile
1262 1292 1458 1368 celebratae
1476 1295 1608 1372 formae
1626 1299 1763 1401 procul

358 1423 573 1500 visentibus.
621 1417 732 1492 Unde
753 1434 791 1490 et
812 1433 1091 1490 monstruosam
1115 1417 1278 1520 speciem
1304 1415 1445 1492 fabulae
1470 1419 1528 1493 illi
1554 1421 1760 1512 dederant,

357 1547 464 1651 qtrasi
485 1541 649 1620 formam
671 1539 838 1615 b'ominis
860 1540 1050 1642 capitibus
1073 1540 1311 1615 succinctam
1335 1541 1503 1630 caninis,
1530 1543 1621 1644 quia
1639 1545 1762 1620 collisi

355 1672 410 1746 ibi
439 1669 579 1744 fluctus
609 1665 770 1738 latratus
795 1662 976 1737 videntur
1009 1662 1227 1764 exprimere.
1280 1661 1482 1739 Charibdis
1510 1664 1634 1758 dicta,
1657 1667 1763 1769 quod

353 1793 566 1899 gurgitibus
594 1787 752 1863 occultis
781 1811 893 1861 naves
922 1785 1127 1860 absorbeat.
1178 1787 1245 1860 Est
1273 1787 1377 1863 enim
1404 1813 1509 1864 mare
1529 1791 1762 1866 vorticosum

353 1936 391 1994 et
408 1916 509 1992 inde·
525 1912 579 1989 ibi
608 1911 752 2008 laniata
778 1908 978 2014 naufragia
1000 1925 1207 2013 emergunt
1242 1913 1316 1986 Ter
1338 1929 1468 1988 autem
1490 1913 1616 1991 indie
1649 1915 1761 2020 erigit

352 2041 510 2130 fluctus,
536 2055 574 2114 et
598 2053 656 2110 ter
681 2034 865 2109 absorbet
916 2033 1014 2107 Nam
1035 2032 1176 2134 accipit
1193 2058 1312 2134 aquas
1335 2050 1381 2109 ut
1400 2053 1545 2126 vomat,
1569 2035 1690 2112 vomit
1714 2053 1761 2112 ut

354 2190 484 2242 rursus
507 2160 679 2265 accipiat.
1591 2147 1594 2154 ’

401 2285 484 2362 aar.
511 2284 636 2361 Sardis
651 2281 817 2358 Hercule
841 2293 1077 2386 procreatus,
1107 2305 1198 2354 cum
1216 2307 1354 2385 magna
1376 2280 1628 2358 multitudine
1651 2309 1674 2356 a
1696 2281 1758 2356 Li·

351 2413 427 2514 bya
449 2410 659 2515 profectus,
683 2404 900 2482 Sardiniam
930 2405 1132 2505 occupavit
1161 2419 1199 2478 et
1228 2429 1274 2478 ex
1303 2431 1372 2480 suo
1402 2402 1588 2482 vocabulo
1621 2399 1757 2480 insulae

352 2561 493 2610 nomen
515 2531 631 2607 dedit
668 2529 818 2602 Haecin
835 2525 963 2601 Africo
983 2523 1081 2598 mari
1102 2523 1199 2599 facie
1215 2528 1361 2631 vestigii
1381 2527 1547 2604 humani
1567 2529 1610 2604 iu
1632 2528 1758 2606 oricu-

350 2673 388 2734 te
408 2683 526 2760 quam
544 2651 739 2730 occidente
761 2649 875 2723 latior
895 2645 1106 2749 prominet,
1133 2644 1251 2722 ferme
1269 2649 1428 2751 paribus
1448 2651 1648 2738 lateribus,
1668 2673 1756 2750 quae

351 2782 394 2856 in
415 2778 614 2856 meridiem
636 2791 674 2850 et
689 2771 985 2876 septentrionem
1006 2783 1181 2859 vertunt,
1206 2797 1252 2845 ex
1278 2799 1355 2874 quo
1377 2787 1467 2845 ante
1482 2748 1757 2847 commercium

350 2931 372 2979 a
411 2901 678 3007 navigantibus
716 2896 939 2972 Graecorum
974 2889 1062 2986 ἴχνος
1086 2893 1275 2996 appellata
1297 2877 1374 2969 est.
1425 2897 1541 2970 Terra
1573 2909 1680 2999 patet
1713 2895 1756 2970 iu

351 3023 595 3131 longitudine
609 3018 732 3094 millia
753 3021 860 3106 CXI,
884 3018 1089 3094 latitudine
1107 3019 1170 3090 XL
1202 3019 1248 3089 In
1264 3044 1307 3091 ea
1330 3043 1456 3120 neque
1468 3043 1619 3120 serpens
1634 3018 1755 3121 gigni-

348 3167 414 3225 tur
436 3173 561 3250 neque
589 3145 724 3247 lupus,
747 3140 813 3216 sed
828 3140 989 3246 solifuga
1007 3156 1178 3227 tantum,
1204 3138 1348 3212 animal
1365 3141 1562 3242 exiguum,
1585 3138 1755 3213 homini-

349 3275 421 3350 bus
438 3267 704 3376 perniciosum.
740 3267 945 3338 Venenum
968 3262 1023 3336 ibi
1046 3285 1200 3361 quoque
1225 3286 1304 3335 non
1332 3262 1516 3352 nascitur,
1541 3263 1614 3336 nisi
1634 3260 1752 3337 herba

348 3425 418 3502 per
434 3395 633 3498 scriptores
655 3387 840 3492 plurimos
861 3401 899 3460 et
915 3400 1043 3487 poetas
1060 3398 1285 3472 memorata,
1309 3385 1473 3487 apiastro
1491 3385 1640 3475 similis,
1666 3409 1753 3486 quae

348 3519 570 3598 bominibus
603 3514 721 3588 rictus
756 3505 951 3584 contrabit
983 3522 1022 3582 et
1047 3505 1155 3608 quasi
1179 3504 1343 3580 ridentes
1368 3507 1562 3584 interimit
1613 3509 1753 3584 Fontes

347 3721 430 3782 Satis.
449 3739 481 3792 1,
505 3712 622 3786 ml.-
644 3730 713 3790 ²¹9·
724 3705 829 3766 meon.
849 3701 969 3766 Pedian.
982 3703 1021 3763 ad
1037 3701 1100 3768 Cic.
1118 3701 1201 3763 Orat.
1223 3721 1279 3784 pro
1294 3701 1432 3763 Cornelio
1447 3725 1478 3784 p.
1490 3704 1542 3777 58,
1553 3702 1583 3761 b.
1605 3703 1683 3764 Edit.
1698 3701 1753 3762 lt·

347 3825 411 3886 din.
437 3821 525 3883 1563.
557 3823 737 3898 repugnante
756 3822 785 3871 ct
805 3807 871 3870 tutta
892 3829 926 3868 ex
946 3809 1113 3868 coniectura
1133 3806 1253 3878 addita3
1284 3816 1373 3866 textus
1393 3807 1473 3866 enim
1494 3808 1614 3867 mutilus
1632 3817 1683 3870 est.
1711 3837 1753 3855 -

348 3947 416 3993 220.
429 3937 457 3987 et
470 3945 537 3986 aar.
548 3921 618 3983 Isid.
631 3921 677 3992 hi·
685 3919 715 3984 6.
723 3927 753 3978 et
764 3915 798 3976 ιδ
809 3955 820 3986 ,
836 3915 882 3974 18.
903 3911 965 3973 hac
976 3913 1133 3972 maximam
1148 3921 1261 3992 partem
1278 3911 1444 3974 exsulusb‘o
1454 3910 1553 3974 hausta
1563 3930 1638 3986 esse,
1651 3919 1753 3991 preter

345 4032 437 4114 ipsius
450 4023 697 4100 ercamserta,
718 4043 781 4105 quc
795 4021 853 4080 iam
866 4037 953 4099 supra
964 4017 1165 4089 laudavimus,
1180 4019 1227 4078 vel
1243 4014 1315 4076 inde
1333 4025 1429 4096 patet,
1441 4015 1523 4095 quod
1533 4016 1614 4074 stilus
1625 4033 1689 4074 non
1701 4035 1753 4078 ru.

346 4136 391 4196 dis
401 4145 488 4216 atque
499 4133 637 4194 confusus
647 4138 706 4203 est,
721 4135 755 4189 ut
765 4127 835 4188 alias
847 4126 880 4186 in
888 4121 1019 4196 Isidoro,
1033 4117 1083 4182 s'ed
1094 4121 1187 4204 gravis
1196 4130 1283 4202 atque
1293 4122 1467 4182 luculentus.
1489 4119 1542 4182 cfr.
1555 4119 1649 4182 Solin.
1665 4119 1754 4201 Poly-

1313 4247 1338 4304 ’lt
