4582 5320
573 391 622 470 92

575 547 704 654 plures
721 545 979 624 Adherbalem
998 558 1239 648 sequunmr,
1260 538 1326 620 sed
1349 539 1463 618 illum
1490 537 1654 616 alterum
1674 535 1778 614 bello
1795 531 1976 612 meliores.

575 669 891 777 lgiturlugurtha
909 695 1027 772 qttam
1042 691 1239 743 maxumas
1259 681 1382 770 potest
1395 663 1521 768 copias
1538 679 1682 737 armat:
1707 663 1819 736 urbes
1836 659 1978 764 partim

574 795 634 887 ri,
650 795 743 870 alias
757 794 956 870 voluntate
970 790 1131 896 imperio
1150 815 1219 864 suo
1237 787 1432 891 adiungit:
1460 785 1565 860 omni
1581 784 1772 860 Numidiae
1790 784 1978 887 imperare

573 933 692 1023 parat.
741 915 953 1006 Adherbal,
971 911 1182 988 tamenetsi
1202 899 1361 986 Romam
1376 909 1515 1014 legatos
1528 909 1697 999 miserat,
1717 907 1785 1011 qui
1802 921 1978 981 senatum

573 1041 754 1118 docerent
771 1038 820 1113 de
838 1037 939 1112 cade
956 1037 1082 1110 fratris
1099 1051 1138 1111 et
1155 1034 1322 1109 fortunis
1338 1034 1414 1108 suis
1423 1065 1434 1126 3
1459 1049 1587 1106 tamen
1620 1030 1738 1106 fretus
1761 1026 1979 1104 multitudi-

573 1187 623 1237 ne
640 1161 831 1250 militum,
848 1160 1009 1264 parabat
1027 1159 1142 1233 armis
1163 1157 1400 1232 contendere
1451 1155 1525 1231 Sed
1549 1154 1619 1230 ubi
1641 1180 1698 1230 res
1720 1153 1769 1228 ad
1786 1149 1978 1228 certamen

574 1285 699 1374 venit,·
716 1285 839 1360 victus
855 1311 901 1358 ex
920 1283 1053 1388 praelio
1072 1279 1244 1385 profugit
1263 1279 1305 1354 in
1324 1265 1564 1383 provinciam
1589 1304 1634 1351 ac
1660 1276 1798 1351 deinde
1818 1277 1979 1352 Romam

575 1406 783 1483 contendit
831 1410 933 1480 Tum
962 1403 1148 1510 Iugurtha
1179 1403 1338 1508 patratis
1368 1402 1554 1492 consiliis,
1593 1401 1825 1504 (postquam
1855 1398 1979 1474 omnis

574 1529 764 1605 Numidiae
783 1529 1028 1632 potiebatur)
1056 1529 1097 1602 in
1122 1527 1201 1602 otio
1219 1525 1368 1600 facinus
1387 1551 1502 1600 suum
1522 1513 1611 1599 cum
1633 1524 1762 1599 animo
1781 1539 1981 1627 reputans,

576 1653 708 1730 timere
728 1653 919 1756 populum
942 1655 1161 1726 Romanum
1185 1675 1310 1752 neque
1347 1648 1525 1723 advorsus
1554 1648 1650 1722 iram
1680 1647 1761 1728 eius
1790 1673 1980 1750 usquam,

575 1777 649 1852 nisi
674 1778 715 1850 in
744 1776 900 1850 avaritia
922 1774 1134 1849 nobilitatis
1158 1788 1196 1848 et
1228 1771 1392 1876 pecunia
1415 1797 1483 1845 sua
1509 1797 1614 1875 spem
1649 1767 1798 1845 babere.
1848 1772 1982 1870 ltaque

575 1899 707 2003 paucis
729 1897 862 1972 diebus
884 1913 975 1972 cunt
994 1921 1089 1969 auro
1115 1910 1155 1970 et
1177 1909 1333 1998 argento
1350 1893 1474 1968 multo
1495 1897 1657 1969 Romam
1678 1894 1819 1998 legatos
1840 1891 1981 1979 mittit,

576 2021 662 2124 quis
684 2020 887 2124 praecepit,
913 2018 1084 2122 primum
1117 2017 1176 2090 uti
1200 2033 1339 2092 veteres
1364 2015 1504 2090 amicos
1528 2017 1753 2091 muneribus
1780 2017 1974 2120 expleant:
2047 2045 2050 2052 ·

576 2142 717 2242 deinde
735 2167 852 2217 novos
872 2140 1098 2243 acquirant:
1121 2156 1311 2243 postremo
1332 2165 1588 2243 quacumque
1609 2142 1754 2244 possint
1779 2141 1981 2246 largiundo

575 2293 711 2376 parare
736 2291 798 2370 ne
821 2279 1074 2356 cunctentur.
1125 2262 1199 2337 Sed
1235 2261 1304 2337 ubi
1349 2265 1510 2336 Romam
1549 2263 1664 2368 legati
1697 2290 1833 2339 venere
1866 2281 1905 2340 et
1937 2293 1982 2342 ex

576 2405 766 2495 praecepto
789 2388 884 2491 regis
915 2384 1336 2490 hospitibusaliisque‚
1360 2413 1529 2488 quorum
1556 2413 1600 2460 ea
1624 2401 1843 2490 tempestate
1866 2387 1908 2462 in
1927 2406 1981 2463 se·

576 2528 674 2587 natu
692 2510 897 2586 auctoritas
920 2510 1111 2613 pollebat,
1132 2535 1270 2613 magna
1296 2537 1456 2584 munera
1486 2509 1638 2603 misere3
1678 2525 1785 2584 tanta
1812 2536 1982 2586 commu-

580 2623 672 2710 tatio
695 2633 866 2723 incessit,
890 2634 949 2708 uti
966 2659 1012 2708 ex
1033 2658 1213 2707 maxuma
1233 2631 1378 2708 invidia
1402 2633 1443 2706 in
1461 2633 1622 2738 gratiam
1638 2649 1677 2708 et
1691 2632 1856 2708 favorem
1873 2635 1984 2711 nobi-

580 2835 653 2895 ι.6.
668 2855 697 2914 9.
718 2855 782 2916 cop.
791 2843 890 2914 parat.
911 2834 1154 2893 Rem.1.ino.1.
1175 2832 1272 2893 Struv.
1293 2831 1391 2893 Guell.
1413 2851 1458 2890 ιι.
1486 2831 1546 2892 Erl.
1575 2833 1657 2892 Leid.
1671 2835 1768 2894 eal.
1790 2831 1911 2894 Merseb.
1930 2830 1985 2894 Ri-

579 2939 629 2999 vii.
649 2948 705 2998 tres
714 2939 828 3002 Wassii.
849 2938 910 2997 duo
924 2938 1041 3018 Popmae
1057 2937 1135 2994 libri.
1155 2935 1217 2993 Bas.
1237 2937 1265 3005 Δ.
1282 2945 1373 3016 porat
1389 2945 1489 2994 armat
1509 2935 1605 3000 Gucll.
1621 2943 1648 3000 3.
1676 2938 1708 2996 B.
1722 2937 1792 2997 Pub.
1820 2947 1920 3000 tamen
1935 2939 1988 2998 elsi

578 3041 647 3102 Ecc.
668 3044 757 3104 Marc.
770 3056 802 3108 r.
822 3041 938 3102 tametsi
956 3042 1052 3102 ceteri.
1072 3041 1110 3099 de
1121 3041 1273 3116 nocesrat.
1293 3039 1355 3098 Bas.
1371 3039 1399 3110 Δ.
1419 3039 1499 3098 Vrat
1517 3061 1541 3098 1.
1553 3040 1619 3099 Sea.
1633 3061 1659 3100 a.
1681 3041 1780 3102 lleuss.
1800 3041 1894 3102 victus
1905 3063 1987 3123 pro*-

578 3145 620 3206 tio
639 3143 719 3206 leid.
734 3143 762 3206 a.
783 3145 882 3205 Guels.
898 3167 944 3210 ιι.
970 3145 1041 3204 aa'ot.
1055 3143 1134 3202 enim
1151 3165 1198 3222 pr.
1219 3142 1322 3214 baad.
1345 3143 1449 3222 praelio
1460 3143 1547 3222 sugit
1566 3143 1635 3202 l'in.
1652 3166 1678 3205 ι.
1709 3146 1809 3204 llouss.
1830 3145 1944 3206 Vratisl.
1957 3167 1984 3206 ι.

579 3249 676 3308 Guell.
690 3251 720 3320 4.
738 3252 806 3314 Sen.
818 3271 845 3310 2.
867 3250 976 3310 debinc
985 3249 1072 3314 Rom.
1093 3250 1135 3309 sic
1147 3247 1213 3308 Rir.
1224 3267 1259 3307 ex
1273 3255 1378 3309 natust.
1389 3249 1525 3306 confirm.
1539 3247 1599 3306 duo
1614 3247 1711 3308 Guell.
1731 3269 1769 3308 oc
1779 3269 1840 3309 om.
1860 3249 1945 3309 Rern.
1958 3255 1986 3313 d.

579 3353 673 3412 tendit
694 3355 779 3412 Rern.
798 3375 822 3413 ι.
844 3365 916 3414 tunc
942 3353 1028 3419 Rern.
1043 3376 1068 3412 1.
1089 3351 1190 3423 Balad.
1218 3360 1330 3431 patrol.
1351 3369 1430 3411 cons.
1448 3351 1564 3430 paratis
1591 3353 1650 3412 inc.
1671 3373 1699 3418 2.
1725 3353 1821 3411 Senot.
1842 3373 1867 3411 1.
1889 3373 1985 3434 supr.

580 3453 679 3515 Guels.
692 3469 725 3513 ἰ.
736 3457 765 3514 3.
777 3457 806 3525 Δ.
817 3459 845 3520 5.
856 3459 884 3519 6.
898 3477 927 3536 9.
944 3477 989 3515 ιο.
1006 3477 1053 3514 ιι.
1073 3457 1153 3521 Laid.
1177 3458 1198 3515 l.
1216 3456 1343 3535 peractis
1363 3456 1475 3535 aliquot
1488 3455 1574 3516 Rivii.
1598 3465 1752 3536 postquam
1768 3457 1863 3516 omnr's
1876 3453 1987 3516 Nunti·

579 3558 638 3620 ἀίω
654 3557 827 3638 potabatur.
848 3562 886 3619 ita
900 3559 961 3616 Bas.
975 3579 1001 3617 ι.
1022 3557 1119 3622 Guell.
1129 3561 1158 3619 6.
1178 3557 1264 3623 Fabr.
1278 3579 1303 3616 1.
1325 3580 1366 3616 m.
1377 3579 1423 3638 pr.
1451 3559 1530 3621 [eid.
1547 3559 1574 3616 l.
1595 3561 1680 3619 enini
1688 3560 1836 3620 Numidia
1854 3559 1986 3642 pluiiml.

580 3662 697 3724 Cottius
713 3673 808 3722 totum
828 3659 909 3721 hunc
924 3663 1023 3721 locum
1036 3682 1091 3740 pro
1105 3667 1194 3743 glossa
1214 3659 1328 3720 babuit.
1341 3663 1468 3738 focinus
1483 3683 1549 3723 cum
1562 3663 1663 3723 animo
1675 3685 1726 3723 suo
1746 3663 1816 3725 Tur.
1834 3673 1900 3745 post
1909 3683 1989 3744 pou-

579 3767 622 3830 a's
635 3769 709 3848 dieb.
730 3767 811 3826 Vrat.
823 3765 853 3827 3.
875 3765 972 3828 Guell.
986 3764 1015 3836 4.
1033 3784 1079 3823 ιι.
1098 3761 1222 3824 leidh.
1250 3789 1282 3846 ρ.
1301 3767 1333 3824 d.
1343 3775 1418 3845 post.
1438 3765 1523 3826 Rem.
1541 3788 1566 3833 ι,
1587 3769 1690 3828 inccrt.
1707 3789 1732 3826 ι.
1754 3767 1987 3850 Guelf.r.9.1o.

577 3895 608 3952 ρ.
621 3895 651 3952 ρ.
666 3875 700 3932 d.
721 3871 801 3933 Laid.
816 3872 843 3932 l.
863 3870 933 3929 Tur.
954 3869 1065 3947 legatos
1077 3888 1137 3928 om.
1160 3870 1257 3930 Strur.
1276 3881 1304 3930 et
1321 3869 1402 3928 Cort.
1424 3870 1487 3948 qrtis
1505 3871 1567 3938 Bas.
1582 3894 1607 3931 ι.
1618 3873 1648 3943 ά.
1669 3872 1782 3932 Fabric.
1802 3874 1870 3935 Vin.
1885 3894 1912 3935 a.
1933 3874 1987 3934 Se·

511 4055 514 4062 ¹
579 3986 641 4036 nat.
662 3967 752 4056 dead.
773 3975 851 4036 Rivii
870 3973 949 4032 libri.
969 3971 1039 4032 Tur.
1060 3974 1119 4031 inc.
1142 3973 1241 4034 Heuss.
1262 3975 1358 4036 Strur.
1385 3973 1550 4036 Vrat.1.3.
1579 3975 1647 4036 Ecc.
1674 3978 1772 4037 Guell.
1789 3998 1815 4036 ι.
1832 3999 1859 4037 a.
1874 3978 1945 4048 4.,5.
1957 3977 1986 4037 6.

581 4102 611 4162 7.
640 4100 685 4140 ιο.
700 4100 745 4138 ιι.
763 4078 900 4159 proecepit
921 4077 1034 4138 Fabn‘c.
1054 4077 1154 4137 Vinar.
1170 4096 1198 4141 ι.
1219 4079 1279 4137 inc.
1295 4097 1322 4138 ι.
1341 4078 1458 4140 Vratisl.
1476 4101 1501 4144 1.
1522 4080 1618 4146 Stmv.
1637 4081 1714 4143 Rivii
1728 4080 1825 4142 Codd.
1846 4081 1908 4143 Bas.
1921 4099 1947 4141 ι.
1959 4081 1987 4152 ί.

579 4183 678 4244 Turio.
698 4184 783 4243 Rem.
798 4206 822 4244 1.
843 4175 947 4244 Frena.
974 4182 1074 4242 Henss.
1095 4180 1192 4242 Guelf.
1207 4181 1236 4256 4.
1253 4183 1281 4246 6.
1292 4204 1320 4263 7.
1338 4203 1384 4243 ta.
1413 4182 1494 4243 Leid.
1504 4182 1533 4243 b.
1550 4205 1576 4248 c.
1587 4185 1617 4244 d.
1629 4209 1657 4268 g.
1669 4185 1700 4244 b.
1714 4187 1734 4245 i.
1747 4187 1775 4251 l.
1790 4208 1830 4251 m.
1856 4184 1990 4269 praecipuit

581 4287 678 4354 ceteri.
695 4286 825 4365 primum
839 4289 884 4348 uti
902 4289 961 4350 ino.
977 4307 1003 4353 1.
1023 4287 1089 4348 Sea.
1102 4307 1128 4354 1.
1148 4285 1262 4350 Fabric.
1278 4307 1306 4349 a.
1326 4286 1424 4348 Guell.
1440 4309 1467 4350 ι.
1483 4309 1512 4350 a.
1528 4289 1556 4350 5.
1572 4311 1603 4372 9.
1622 4290 1703 4351 Laid.
1717 4293 1739 4356 l.
1761 4290 1822 4370 (sed
1834 4291 1858 4352 is
1871 4289 1916 4372 ut)
1930 4291 1989 4351 duo
