4542 5318
601 353 671 446 278

551 617 555 626 Ι
600 544 851 627 ree-prospere
871 515 993 602 cedet,
1022 509 1077 585 ibi
1094 505 1192 582 mibi
1208 505 1308 578 hona
1329 500 1430 576 fama
1451 498 1606 575 eveniet.
1645 499 1718 574 Sed
1732 523 1794 574 me
1807 497 1872 572 illa
1887 502 2004 604 magis

601 646 742 749 cupido
764 655 926 724 exercet,
954 635 1012 710 uti
1034 653 1278 735 quocumque
1297 623 1412 700 modo
1433 638 1471 698 et
1488 605 1778 725 quamprimum
1791 622 2005 724 respublica

603 770 815 846 adiuvetur.
841 761 1072 836 Libertatem
1086 751 1205 857 gloria
1219 749 1402 826 cariorem
1419 743 1561 834 babeo,
1584 760 1699 846 atque
1710 771 1777 848 ego
1791 759 1827 820 te
1839 771 1906 819 oro
1918 745 2006 821 hor.

602 911 756 993 torque,
783 914 831 962 ne
855 882 1095 957 clarissumus
1119 877 1346 976 imperator,
1372 869 1522 944 Gallica
1542 884 1652 972 gente
1668 869 1846 956 subacta,
1871 869 2005 972 populi

601 1012 761 1090 Romani
779 1033 972 1084 summum
989 1019 1106 1102 atque
1127 997 1313 1072 invictum
1331 992 1537 1095 imperium
1560 990 1746 1064 tabescere
1758 975 1943 1064 vetustate
1962 1019 2006 1066 ac

601 1165 670 1241 per
682 1125 1090 1210 summamsocordiam
1106 1118 1227 1214 dilabi
1241 1115 1406 1219 patiaris,
1429 1112 1600 1188 Profecto
1610 1112 1641 1186 si
1655 1112 1695 1186 id
1704 1111 1866 1202 accidat,
1881 1141 2005 1216 neque

600 1260 672 1334 tibi
685 1284 763 1334 nox
774 1279 899 1355 neque
911 1250 989 1326 dies
1000 1269 1133 1321 curam
1149 1241 1269 1316 animi
1287 1238 1486 1330 sedaverit3
1499 1236 1595 1339 quin
1606 1235 1803 1310 insomniis
1812 1237 2005 1328 exercitus,

600 1378 833 1459 furibundus
850 1392 965 1475 atque
980 1392 1108 1445 amens
1130 1363 1294 1438 alienata
1313 1377 1440 1435 mente
1457 1359 1596 1460 feraris.
1628 1359 1801 1459 Namque
1818 1357 1914 1432 mihi
1934 1381 2003 1462 pro

600 1533 686 1582 vero
711 1515 874 1583 constat,
901 1492 1076 1571 omnium
1098 1485 1320 1562 mortalium
1347 1483 1466 1574 vitam
1490 1481 1622 1556 divino
1647 1482 1809 1556 numine
1832 1482 2003 1560 invisier:

599 1653 725 1728 neque
744 1625 891 1700 bonum
911 1641 1037 1718 neque
1048 1612 1194 1688 malum
1215 1607 1363 1682 focinus
1381 1605 1608 1707 cuiusquam
1621 1631 1691 1707 pro
1710 1603 1834 1680 nihilo
1852 1604 2001 1682 haberi:

597 1751 678 1838 sed,
709 1773 757 1823 ex
786 1761 943 1829 natura,
969 1738 1117 1812 divorsa
1149 1733 1305 1837 praemia
1332 1732 1453 1806 bonos
1482 1729 1677 1830 malosque
1697 1728 1821 1829 sequi.
1857 1733 2005 1806 Interea

597 1875 695 1948 forte
717 1897 760 1946 ea
783 1867 928 1941 tardius
960 1857 1199 1964 procedunt:
1236 1879 1326 1928 suus
1353 1852 1494 1952 cuique
1523 1852 1674 1925 animus
1702 1877 1748 1926 ex
1775 1851 2005 1926 conscientia

554 2014 588 2072 rt
603 2020 709 2100 spem
730 1989 881 2094 praebet.
920 1982 1037 2078 Quod
1057 1982 1088 2054 si
1108 1996 1235 2052 tecum
1257 1975 1381 2077 patria
1401 1990 1517 2075 atque
1536 1989 1709 2076 parentes
1728 1989 1879 2074 possent
1890 1973 2007 2075 loqui,

597 2117 741 2193 scilicet
767 2110 850 2184 haec
877 2106 948 2180 tibi
976 2103 1174 2177 dicerent:
1211 2100 1244 2174 Ο
1268 2101 1407 2186 Caesar,
1432 2122 1501 2172 nos
1522 2113 1558 2170 te
1576 2096 1776 2199 genuimus
1799 2094 2005 2172 fortissumi

536 2287 546 2296 -
598 2238 687 2325 viri,
712 2236 754 2309 in
776 2247 934 2334 optuma
954 2223 1069 2311 urbe,
1095 2222 1209 2300 decus
1233 2221 1530 2326 praesidiumque
1551 2220 1677 2308 nobis,
1702 2216 1875 2292 hostibus
1891 2235 2006 2294 terro

598 2363 696 2436 reml
723 2357 821 2452 Quoe
845 2347 976 2424 multis
1004 2344 1202 2419 laboribus
1228 2359 1267 2418 et
1295 2342 1475 2445 periculis
1497 2367 1733 2444 ceperamus,
1765 2369 1807 2416 ea
1831 2342 1901 2416 tibi
1921 2369 2005 2418 nas·

598 2482 809 2558 senticum
832 2473 960 2548 anima
981 2466 1097 2544 simul
1124 2465 1367 2556 tradidimus,
1393 2465 1560 2568 patriam
1580 2491 1799 2540 maxumam
1820 2465 1863 2540 in
1883 2468 1989 2541 terris
1996 2499 2007 2557 ;

541 2591 551 2606 ’
597 2604 757 2680 domum
783 2594 1044 2692 familiamque
1068 2588 1111 2662 in
1133 2589 1257 2692 patria
1280 2587 1560 2681 clarissumam3
1592 2603 1771 2692 praeterea
1805 2589 1924 2662 bonas
1947 2617 2006 2662 ar.-

599 2745 669 2818 tes,
687 2725 863 2799 honestas
885 2715 1054 2804 divitias3
1069 2727 1258 2815 postremo
1284 2710 1413 2785 omnia
1434 2709 1721 2822 honestamenta
1742 2710 1845 2812 pacis
1858 2726 1898 2786 et
1913 2737 2007 2814 prae·

597 2851 674 2924 mia
695 2845 797 2922 belli.
841 2846 914 2916 Pro
935 2838 996 2910 bis
1027 2834 1282 2936 amplissumis
1301 2832 1493 2908 beneficiis
1518 2861 1598 2908 non
1628 2831 1819 2936 flagitium
1840 2859 1861 2906 a
1885 2850 1921 2907 te
1941 2861 2008 2908 ne-

598 2999 674 3076 que
698 2968 845 3044 malum
862 2962 1010 3038 facinus
1036 2957 1219 3060 petimus;
1242 2954 1307 3030 sed
1326 2955 1385 3029 uti
1403 2955 1617 3030 libertatem
1633 2982 1800 3030 eversam
1824 2955 2003 3032 restituas.

599 3097 687 3193 Qua
706 3119 746 3168 re
762 3103 930 3193 patrata,
957 3080 1125 3186 profecto
1145 3105 1214 3181 per
1233 3093 1361 3181 gentes
1381 3078 1505 3151 omnis
1530 3077 1630 3156 fama
1651 3079 1802 3153 virtutis
1819 3094 1894 3152 tuae
1915 3079 2006 3154 voli-

599 3217 706 3294 tabit.
756 3213 930 3309 Namque
947 3204 1022 3278 hac
1042 3215 1281 3303 tempestate,
1308 3199 1455 3274 tametsi
1476 3199 1581 3274 domi
1603 3201 1827 3304 militiaeque
1853 3203 2006 3305 praecla-

596 3365 640 3420 ra
657 3337 829 3413 facinora
849 3328 975 3433 egisti,
1000 3343 1126 3398 tomen
1150 3323 1269 3427 gloria
1291 3339 1356 3396 tua
1386 3349 1476 3396 cum
1498 3323 1629 3397 multis
1661 3325 1749 3398 viris
1777 3323 1938 3400 fortibus
1958 3351 2007 3400 ae·

600 3461 724 3563 qualis
739 3474 794 3530 est
815 3487 822 3527 :
847 3454 986 3526 sivero
1010 3449 1147 3524 urbem
1174 3443 1419 3548 amplissume
1442 3446 1619 3535 nomine,
1641 3463 1679 3522 et
1695 3474 1875 3521 maxumo
1889 3448 2007 3552 impc-

599 3585 677 3672 ri0‚
701 3603 821 3683 prope
842 3575 919 3648 iam
941 3574 990 3646 ab
1013 3597 1148 3646 occasu
1166 3567 1393 3658 restitueris;
1418 3568 1504 3669 quis
1526 3585 1562 3644 te
1579 3567 1733 3658 clarior,
1759 3570 1845 3671 quis
1869 3571 2006 3660 maior,

600 3711 643 3786 in
672 3703 779 3780 terris
795 3697 936 3773 fuerit?
963 3694 1118 3796 Quippe
1139 3691 1171 3765 si
1192 3689 1326 3765 morbo
1342 3690 1420 3767 iam
1437 3697 1506 3764 aut
1519 3689 1599 3766 fato
1615 3690 1708 3766 huic
1723 3692 1884 3794 imperio
1903 3703 2006 3770 setus

601 3935 825 4017 quamprimum,
847 3936 875 3986 et
894 3946 955 3984 om.
975 3919 1061 3981 Febr.
1082 3927 1112 3976 et
1130 3915 1206 3976 brie.
1226 3934 1371 3984 suminam
1392 3916 1586 3977 discordiam.
1606 3917 1774 3978 socordiam
1793 3931 1900 3982 veteres
1916 3919 2007 3981 mie.

593 4045 640 4103 ,ita
654 4043 741 4100 etiam
756 4035 858 4095 Carrio
877 4031 1015 4092 etDoura
1034 4021 1118 4084 scribi
1141 4021 1293 4078 iusserunt
1314 4019 1348 4077 in
1363 4023 1472 4080 somma
1485 4020 1598 4082 accitus
1617 4023 1702 4082 Fabr.
1723 4035 1753 4082 et
1769 4023 1846 4089 Eric,
1864 4025 2007 4086 mereim

601 4157 681 4206 retus
695 4143 800 4202 Editio.
822 4134 939 4196 incisim·
952 4131 1045 4190 Vatia.
1067 4123 1181 4186 iam'siri
1202 4122 1284 4183 Fabr.
1304 4122 1379 4184 Brie.
1402 4124 1519 4186 incisim
1537 4137 1618 4189 vetus
1637 4127 1746 4188 Editio.
1775 4128 1869 4192 dim
1879 4128 2006 4210 pm&

601 4247 687 4308 fabr.
708 4247 781 4304 bric.
804 4240 913 4327 Vatis..
924 4238 1036 4296 interea
1051 4235 1124 4292 dum
1140 4247 1175 4289 ee
1187 4226 1303 4288 tardius
1323 4227 1407 4287 fabr.
1429 4229 1505 4291 Bria.
