4570 5316
616 354 685 442 140

613 524 755 616 suerat,
781 523 1134 602 evadunteAmisso
1156 522 1256 612 loco,
1285 517 1460 596 Numidae
1477 513 1551 592 faui
1574 513 1788 620 fugatique,
1812 513 1928 616 pauci
1948 512 2006 591 in-

613 649 768 743 teriere3
788 649 989 752 plerosque
1007 647 1183 724 velocitas
1211 660 1250 720 et
1276 643 1378 747 regio
1402 640 1575 716 hostibus
1601 640 1733 743 ignara
1764 653 1885 712 tutata
1907 653 2007 714 sunt.

613 774 760 848 Interea
777 773 980 861 Bomilcar,
1005 797 1121 874 quem
1139 767 1352 872 elephantis
1378 783 1417 842 et
1433 763 1534 870 parti
1552 763 1750 866 copiarum
1776 761 2007 864 pedestrium

613 895 836 1000 praesectum
859 897 909 970 ab
931 893 1116 998 Iugurtha
1139 892 1457 996 supradiximus,
1481 887 1551 962 ubi
1574 912 1663 960 eum
1675 884 1840 959 Rutilius
1854 899 2006 988 praeter

612 1043 754 1124 gressus
778 1035 851 1108 est,
875 1017 1079 1121 paullatim
1098 1043 1183 1092 suos
1214 1016 1257 1090 in
1287 1039 1442 1117 oequum
1464 1012 1592 1085 locum
1616 1007 1799 1084 deducit:
1825 1033 1890 1098 ac,
1913 1008 2006 1085 dum

613 1135 755 1246 legatus
776 1141 825 1216 ad
847 1140 1009 1230 flumen,
1028 1167 1105 1242 quo
1127 1137 1339 1242 praemissus
1361 1153 1461 1226 erat,
1485 1135 1665 1210 festinans
1684 1132 1824 1236 pergit,
1849 1132 2007 1234 quietus,

613 1264 672 1338 uti
690 1290 746 1340 res
767 1247 1001 1368 postulabat,
1028 1263 1354 1348 aciemexornat:
1379 1285 1504 1361 neque
1528 1256 1706 1345 remittit,
1741 1254 1837 1357 quid
1865 1255 2008 1360 ubique

612 1384 731 1463 hostis
754 1403 892 1491 ageret,
927 1385 1130 1490 explorare.
1176 1388 1380 1487 Postquam
1402 1382 1591 1457 Rutilium
1629 1379 1835 1456 consedisse
1867 1379 1944 1454 iam
1973 1396 2009 1455 et

613 1510 743 1590 animo
768 1533 933 1586 vacuum
957 1510 1122 1613 accepit,
1149 1508 1341 1610 simulque
1363 1533 1409 1581 ex
1430 1503 1624 1610 Iugurthae
1650 1503 1782 1606 praelio
1807 1502 2009 1578 clamorem

613 1634 761 1737 augeri,
783 1633 946 1724 vesitus,
971 1660 1020 1707 ne
1042 1633 1204 1736 legatus,
1230 1631 1381 1734 cognita
1409 1656 1465 1718 re,
1491 1627 1754 1702 laborantibus
1773 1625 1848 1700 suis
1867 1613 2030 1701 auxilio

613 1751 726 1845 foret,
750 1756 888 1844 aciem,
912 1782 1029 1858 quam
1052 1755 1225 1829 diffidens
1246 1753 1379 1827 virtuti
1407 1751 1575 1850 militum
1603 1765 1684 1824 arte
1704 1765 1906 1841 statuerat,
1934 1777 2009 1851 quo

616 1875 786 1952 hostium
807 1879 936 1952 itineri
963 1877 1161 1966 obliceret‚
1184 1874 1299 1950 latius*
1323 1875 1501 1978 porrigit;
1522 1901 1643 1976 eoque
1671 1872 1785 1948 modo
1809 1873 1858 1948 ad
1877 1873 2012 1948 Rutilii

566 2033 602 2097 53
619 2016 739 2074 castra
772 1998 952 2103 prooedit
1004 1999 1165 2073 Romani
1207 2023 1253 2073 ex
1289 1998 1493 2102 improviso
1526 1997 1690 2102 pulveris
1723 1997 1799 2070 vim
1834 2025 2009 2102 magnam

613 2121 951 2210 animadvertunt,
977 2147 1069 2195 nam
1085 2138 1327 2226 prospectum
1348 2147 1436 2224 ager
1460 2121 1622 2196 arbustis
1648 2120 1813 2197 consitus
1835 2119 2010 2224 prohibe-

611 2245 688 2318 bat
737 2245 789 2318 Et
806 2244 931 2346 primo
949 2245 1022 2318 rati
1039 2243 1205 2318 humum
1222 2243 1371 2320 aridam
1385 2260 1498 2318 vento
1517 2244 1651 2347 agitari
1670 2277 1677 2318 :
1701 2260 1787 2347 post
1801 2245 1871 2318 ubi
1887 2271 2010 2348 oequa·

613 2367 731 2440 bilem
748 2393 902 2442 manere
925 2383 982 2456 et,
1003 2367 1115 2443 sicuti
1137 2368 1234 2442 acies
1254 2367 1499 2458 movebatur,
1516 2367 1633 2471 magis
1658 2368 1851 2471 magisque
1873 2347 2010 2472 vadpro·

612 2489 803 2592 pinquare
834 2489 982 2579 rident,
1015 2491 1165 2594 cognita
1199 2517 1261 2582 re,
1287 2506 1532 2594 properantes
1555 2517 1660 2566 arma
1684 2492 1845 2594 capiunt
1868 2517 1912 2566 ac
1942 2507 2009 2596 p'ro

614 2612 762 2701 castris,
779 2611 890 2686 sicuti
909 2612 1188 2716 imperabatur,
1203 2614 1423 2689 consistunt
1473 2613 1643 2705 Deinde,
1659 2614 1727 2688 ubi
1750 2614 1907 2718 propius
1925 2641 2009 2690 ven·

615 2751 699 2811 tum
716 2751 788 2823 est,
805 2735 1000 2838 utrimque
1017 2763 1155 2840 magno
1171 2737 1336 2812 elamore
1351 2736 1603 2811 concurritur.
1653 2737 1828 2812 Numida
1846 2755 2009 2813 tantum·

613 2859 727 2934 modo
756 2859 950 2960 remorati,
968 2857 1065 2934 dum
1089 2861 1132 2936 iu
1171 2859 1383 2964 elephantis
1414 2859 1602 2934 auxilium
1627 2877 1787 2966 putaut3
1811 2878 2009 2968 postquam

612 3059 673 3120 duo
685 3061 772 3123 llivil.
792 3064 888 3130 Senat.
905 3083 930 3124 ι.
951 3063 1047 3126 Guels.
1063 3087 1088 3126 ι.
1110 3065 1225 3128 Gruter.
1243 3077 1457 3150 praeoptaret
1477 3065 1625 3129 Commel.
1644 3067 1736 3134 Maeli.
1744 3081 1773 3134 r.
1794 3067 1856 3128 Bas.
1871 3088 1896 3128 a.
1916 3085 2011 3150 uesper
2046 3141 2048 3148 y

612 3167 718 3224 aderat
738 3167 805 3232 Vin.
817 3189 844 3228 a.
861 3169 941 3230 Vrat.
956 3191 985 3232 a.
1005 3170 1085 3237 Leid.
1096 3171 1125 3230 b.
1138 3173 1166 3238 l.
1187 3173 1272 3234 Bora.
1287 3195 1312 3239 1.
1330 3175 1480 3256 pharaoque
1492 3172 1629 3232 velocitas
1648 3173 1717 3235 vin.
1733 3193 1759 3238 ι.
1780 3173 1901 3237 lierni.
1917 3171 2010 3232 Guell.

614 3271 641 3327 3.
664 3277 728 3328 tutu
739 3281 807 3330 sunt
825 3272 910 3334 ilem.
923 3295 951 3334 a.
972 3276 1067 3337 Strur·
1087 3276 1155 3337 Sen.
1168 3297 1194 3340 a.
1216 3273 1316 3339 llcus's.
1338 3278 1435 3339 Guoll.
1446 3280 1475 3350 l.
1491 3299 1536 3338 ra.
1557 3277 1638 3338 Leid.
1649 3276 1680 3335 d.
1692 3279 1713 3336 l.
1724 3275 1754 3342 b.
1775 3275 1958 3338 Romulclaur
1975 3278 2011 3337 ila

611 3367 672 3427 Ba.
686 3371 715 3440 l.
736 3383 911 3435 condentes:
930 3379 963 3436 in
976 3397 1091 3456 acquum
1110 3381 1229 3442 deducit
1250 3381 1330 3443 Vrat.
1342 3387 1371 3445 ὅ.
1393 3401 1483 3462 acquae
1495 3379 1614 3441 interim
1629 3380 1750 3442 remittit
1769 3382 1850 3441 Leid.
1861 3402 1888 3442 c.
1898 3380 1928 3441 d.
1936 3403 1965 3464 g.
1973 3375 2020 3440 sn(

611 3470 738 3534 Puachii
751 3473 826 3534 Cod.
847 3477 908 3536 ium
922 3479 1118 3543 oralionus.
1139 3483 1228 3545 baad.
1244 3485 1367 3552 letata
1391 3485 1497 3566 accipit
1516 3485 1584 3549 Ecc-
1600 3485 1696 3546 Guelf·
1710 3507 1754 3546 Η.
1775 3486 1859 3548 Rem·
1872 3503 1899 3546 ²·
1920 3494 1948 3548 θῑ
1962 3495 2011 3546 ΙΝ

609 3577 660 3636 alii
676 3575 758 3638 Cart.
776 3597 812 3640 eo
826 3583 915 3641 modo
936 3586 1038 3646 Franc.
1059 3585 1143 3646 Rern.
1162 3609 1187 3652 a.
2049 3585 2053 3596 ¹

681 3701 811 3786 coast.
832 3729 919 3770 armo
935 3731 1019 3792 prop.
1034 3711 1157 3793 cuplruu
1174 3712 1243 3774 Tur.
1264 3733 1374 3794 magma
1387 3714 1424 3774 cl.
1444 3713 1633 3779 'manorum
1652 3715 1721 3778 Vin.
1736 3739 1761 3779 1.
1781 3717 1886 3780 Frena.
1906 3719 1973 3781 Sca.
1986 3739 2010 3780 a.

608 3809 709 3870 Haase.
729 3809 870 3877 caelas·
884 3813 964 3876 leid.
975 3837 1015 3882 tn.
1036 3817 1122 3878 Bana·
1140 3837 1167 3880 t.
1187 3837 1234 3878 eos
1250 3818 1320 3900 t'mp.
1349 3841 1436 3900 pron.
1458 3841 1520 3880 om.
1536 3822 1633 3882 Guell.
1645 3821 1713 3893 Μ.
1734 3843 1771 3884 ae
1785 3824 1879 3886 acad
1897 3824 1967 3890 vin.
1985 3843 2008 3885 s·

609 3913 706 3975 Guell.
730 3937 776 3976 12.
804 3926 890 3996 atqua
906 3937 937 3980 n.
960 3926 1062 3987 Frena.
1085 3923 1166 4004 copti
1178 3933 1247 3984 aaut
1266 3921 1327 3982 Bas.
1349 3943 1374 3982 s.
1395 3923 1546 3999 imerfeoti
1554 3935 1622 3986 sunt
1647 3926 1709 3986 Bas.
1721 3927 1750 3998 l.
1779 3947 1902 3989 nurnero
1914 3925 2008 3992 XXX.

609 4015 690 4076 leid.
706 4039 733 4084 a.
748 4043 774 4080 c.
788 4042 813 4085 e.
829 4020 859 4082 h.
875 4043 916 4083 m.
927 4043 958 4083 n.
988 4025 1072 4092 Rern.
1091 4046 1116 4087 1.
1137 4027 1241 4088 Fraus.
1270 4026 1329 4087 Erl.
1349 4028 1445 4093 Struv.
1465 4031 1525 4092 inc.
1541 4049 1567 4094 1.
1587 4029 1743 4091 Guell.1s.
1763 4031 1841 4095 llirii
1855 4040 1884 4094 et
1896 4033 2008 4114 Popmu

610 4119 707 4182 codd.
727 4127 840 4206 aliquot
854 4127 980 4190 Gruten'.
999 4127 1060 4190 Bas.
1071 4130 1100 4202 k.
1111 4131 1188 4208 sessi
1197 4129 1318 4211 lassique
1329 4141 1416 4194 crant
1433 4133 1502 4196 Vin.
1514 4155 1542 4196 a.
1562 4129 1643 4198 Vrat.
1654 4155 1681 4197 a.
1702 4113 1798 4201 Guelf.
1811 4135 1841 4196 d.
1853 4136 1882 4208 4.
1902 4135 2008 4198 laida.

609 4225 698 4286 ulturi
713 4247 762 4307 αρ.
780 4231 906 4292 odanam
924 4233 991 4294 Nar.
1014 4233 1131 4295 Comm.
1151 4236 1220 4297 Vin.
1236 4256 1261 4303 ι.
1282 4235 1378 4297 Gusll.
1399 4258 1425 4297 1.
1444 4237 1513 4321 Teg.
1543 4239 1614 4308 Tur.
1635 4235 1738 4321 m.'pr.
1765 4238 1926 4300 odarisuun
1941 4249 2009 4303 esset

608 4331 745 4406 relsorct
765 4333 849 4394 Beru.
866 4357 891 4395 ι.
912 4341 1046 4416 paucies
1064 4339 1145 4400 Cort.
1175 4341 1257 4401 Leid.
1268 4361 1297 4424 g.
1309 4339 1340 4401 b.
1356 4363 1396 4402 m.
1411 4363 1442 4402 n.
1456 4365 1484 4404 a.
1496 4343 1525 4404 b.
1545 4344 1658 4406 sedulii
1671 4347 1732 4404 alio
1747 4347 1824 4406 loco.
1850 4354 1923 4405 arla
1941 4347 2010 4406 alo-
2049 4370 2052 4378 ’
