4542 5318
1610 330 1686 425 '²59

283 497 433 619 praeheo
454 512 688 620 exemplum,
705 536 784 622 quc
809 507 949 588 rectius
971 525 1037 586 tua
1059 533 1272 615 componas.
1308 511 1481 614 Namque
1494 486 1690 597 helnonis,-

283 663 372 717 cum
389 623 628 729 nationibus,
647 630 819 741 populis,
846 635 997 740 regibus
1017 635 1184 724 cunctis,
1209 660 1288 709 una
1309 651 1346 708 et
1367 663 1410 710 ea
1427 649 1533 710 vetus
1556 639 1684 706 caussa

284 757 456 835 bellandi
484 777 559 851 est,
592 758 733 862 cupido
760 757 954 860 profunda
984 741 1134 860 imperii
1161 771 1199 832 et
1220 757 1466 850 divitiarum
1501 779 1576 860 qua
1606 735 1691 857 priss*

281 904 390 957 mum
420 909 510 956 cum
534 907 619 985 rege
643 875 899 958 Macedonum
919 879 1099 985 Philippo
1118 876 1266 955 bellum
1290 904 1489 982 sumpsere
1531 879 1638 952 Dum
1662 901 1688 988 a

280 993 658 1108 ⁴Carthaginiensibus
682 1005 974 1109 premebantur,
1000 999 1208 1078 amicitiam
1239 1003 1460 1078 simulantes
1489 1001 1524 1074 ei
1551 998 1685 1072 subse

282 1126 450 1201 nientem
464 1125 701 1201 Antiochum
718 1124 956 1202 concessione
973 1126 1068 1200 Asiae
1085 1149 1154 1228 per
1172 1123 1306 1200 dolum
1324 1125 1516 1213 avortere,
1535 1127 1685 1194 ac'mon

280 1253 402 1325 ¹tracto
425 1247 606 1353 Philippo
634 1247 847 1336 Antiochus
872 1249 979 1324 omni
1006 1247 1058 1322 cis
1076 1237 1248 1321 Taurum
1271 1265 1362 1349 agro
1385 1262 1424 1320 et
1443 1241 1573 1318 decern
1597 1241 1685 1316 mita

277 1370 380 1446 libus
412 1370 647 1446 talentorum
676 1371 859 1476 spoliatus
884 1385 947 1447 'est
995 1371 1132 1445 Persen
1166 1362 1304 1443 deinde
1334 1361 1505 1470 Philippi
1537 1365 1690 1457 filium,

279 1505 364 1597 post
383 1492 507 1569 multa
530 1509 569 1569 et
588 1495 692 1571 varia
710 1495 937 1585 certamina,
959 1491 1065 1597 apud
1088 1487 1351 1568 Samothracas
1374 1488 1461 1565 deos
1483 1495 1684 1592 acceptum

277 1607 322 1688 in
347 1601 489 1704 fidem,
512 1615 645 1690 callidi
669 1631 707 1691 et
729 1632 937 1716 repertores
955 1614 1140 1720 perfidiae,
1179 1615 1270 1716 quia
1290 1629 1402 1716 pacto
1424 1613 1542 1685 vitam
1571 1610 1684 1684 ‹lede-

276 1754 386 1830 rant,
428 1739 625 1814 insomniis
643 1738 831 1824 occidere.
878 1739 1111 1827 Eumenem,
1149 1732 1257 1810 culus
1287 1733 1496 1810 amicitiam
1525 1731 1690 1837 gloriose·

278 1870 487 1951 ostentant,
513 1859 625 1937 initio
652 1860 856 1965 prodidere
879 1856 1090 1948 Antiocho,
1116 1858 1219 1961 pacis
1245 1857 1473 1950 mercedem
1505 1870 1591 1958 post
1615 1857 1682 1928 At-

275 1983 400 2058 talum
421 1982 615 2060 custodem
629 1983 710 2088 agri
733 1983 874 2087 captivi
892 1982 1107 2086 sumptibus
1125 1997 1164 2056 et
1184 1981 1425 2088 contumeliis
1444 2006 1489 2054 ex
1511 1979 1595 2082 rege
1610 1977 1682 2051 rni-

277 2089 493 2182 serrumum
517 2131 713 2182 servorum
741 2105 921 2182 effecere:
946 2101 1203 2206 simulatoque
1225 2105 1343 2208 impio
1370 2117 1611 2189 testamento,
1638 2098 1688 2172 fn

275 2226 373 2304 lium
397 2227 479 2304 eins
497 2227 779 2317 Aristonicum,
805 2226 896 2326 quia
918 2225 1090 2327 patrium
1113 2250 1275 2330 regnum
1292 2223 1489 2329 petiverat,
1513 2219 1685 2298 hostium

276 2375 381 2425 more
402 2375 471 2454 per
492 2343 737 2451 triumphum
753 2346 922 2422 duxere:
948 2347 1034 2420 Asia
1052 2345 1102 2418 ab
1119 2345 1207 2446 ipsis
1229 2349 1372 2424 obsessa
1391 2363 1468 2422 est:
1493 2361 1687 2449 postremo

276 2471 516 2576 Bithyniam,
539 2464 744 2547 Nicomede
765 2482 937 2556 mortuo,
962 2467 1174 2569 diripuere;
1195 2491 1286 2542 cum
1304 2467 1404 2542 lilius
1421 2469 1541 2556 Num,
1563 2493 1683 2568 quam-

275 2596 446 2699 teginam
466 2592 771 2698 adpellaverant‚
797 2587 945 2695 genitus
967 2587 1077 2666 haud
1099 2587 1216 2664 dubie
1239 2601 1338 2664 esset.
1375 2586 1472 2663 Nam
1496 2585 1592 2689 quiri
1613 2610 1688 2689 ego

274 2740 336 2792 me
355 2717 569 2822 adpellem?
603 2741 718 2818 quem
740 2713 978 2788 disiunctum
998 2710 1174 2813 undique
1201 2713 1324 2816 regnis
1342 2727 1381 2788 et
1400 2709 1612 2786 tetrarchiis
1633 2711 1687 2782 ab.

274 2839 602 2944 imperiosorum,
638 2837 729 2939 quia
757 2833 859 2910 l'ama
880 2849 979 2925 erat,
1005 2829 1174 2909 divitem·
1193 2858 1318 2936 nerpre
1339 2834 1569 2909 serviturum
1589 2855 1688 2920 esse,

270 2989 343 3066 per
362 2959 604 3036 Nicomedem
625 2960 727 3034 hello
748 2957 1034 3048 lacessiverunt3
1060 2955 1210 3031 sceleris
1228 2977 1361 3032 eorum
1374 2947 1481 3031 haud
1494 2957 1688 3059 ignarum,

272 3099 312 3158 et
328 3107 390 3172 ea,
416 3106 502 3184 quae
520 3080 709 3169 accidere,
737 3095 915 3154 testatum
934 3095 1073 3167 antea,
1099 3081 1292 3153 Cretenses
1317 3075 1413 3152 solos
1434 3077 1608 3152 omnium
1637 3076 1684 3149 li-

271 3205 380 3287 beros
398 3229 442 3279 ea
477 3219 695 3305 tempestate
716 3217 755 3276 et
780 3219 904 3305 regem
916 3196 1176 3275 Ptolemaeum.
1211 3202 1337 3302 Ausus
1360 3218 1426 3306 ego
1450 3194 1555 3276 ultus
1579 3201 1681 3275 iniu-

269 3317 369 3418 rias,
393 3325 637 3402 Nicomedem
657 3321 836 3426 Bithynia
859 3321 1001 3425 expuli,
1024 3323 1228 3424 Asiamque
1250 3323 1416 3426 spolium
1433 3323 1528 3428 regis
1548 3324 1681 3399 Antio·

272 3447 337 3534 chi
366 3449 509 3553 recepi,
534 3464 573 3524 et
598 3445 756 3522 Graeciae
778 3444 897 3519 demsi
937 3469 1049 3548 grave
1076 3445 1288 3560 servitium.
1327 3447 1484 3550 Incepta
1508 3473 1592 3521 mea
1612 3471 1688 3551 po-

270 3589 429 3650 stremus
443 3597 639 3648 servorum
650 3567 880 3657 Archelaus,
902 3566 1072 3642 exercitu
1091 3567 1266 3671 prodito,¹
1292 3568 1518 3674 impedivit:
1545 3567 1688 3670 illique·

354 3775 400 3857 ra.
422 3789 627 3872 Tibi-epm
643 3793 687 3852 its
699 3788 805 3850 Carrio
820 3807 855 3850 ex
869 3788 938 3848 Mas.
962 3809 1026 3870 qum
1041 3792 1131 3871 vulgo
1152 3798 1194 3850 ut
1207 3789 1350 3867 scriptore
1359 3787 1509 3858 ,ommno
1529 3803 1614 3848 sensu
1626 3807 1685 3846 ca·-

271 3879 327 3976 s'a,
343 3894 484 3955 sumen
496 3895 599 3960 vaus..
614 3895 732 3956 amm
744 3881 923 3956 sannae·
935 3893 1136 3980 qua-psam
1153 3891 1221 3952 ron
1236 3892 1358 3970 arnust.
1377 3888 1475 3968 prena
1489 3899 1586 3951 eaeo
1598 3888 1683 3952 ruz..

268 3999 364 4062 vase.
380 3997 416 4058 iu
426 3997 526 4058 mstis
539 3996 638 4058 Godrl.
656 4005 753 4056 amoto
769 3997 922 4056 ominum
936 4004 1004 4075 post
1025 3989 1160 4054 »Attalum
1175 3997 1217 4054 its
1232 3993 1317 4054 Febr.
1340 3991 1415 4054 Bria.
1433 4003 1462 4051 et
1482 3991 1580 4054 Ursini
1594 3994 1684 4060 liber..

268 4099 526 4181 pnatlubt'twnvel
533 4099 701 4180 pottlmhiln
717 4100 813 4160 esuri.
835 4107 929 4158 totam
950 4097 1126 4178 Bithyniam
1141 4101 1241 4180 vulgo.
1260 4096 1311 4156 sed
1328 4105 1421 4156 totam
1434 4117 1495 4156 om.
1512 4108 1619 4162 vetem
1636 4103 1678 4165 Β.

271 4204 328 4266 bn.
348 4223 440 4284 qaam
452 4203 587 4284 mginom
606 4203 795 4282 &pallorem
812 4199 910 4266 Vatis..
925 4219 1010 4279 quem
1023 4217 1120 4280 ragam
1136 4198 1197 4260 iam
1217 4199 1299 4278 Eebr.
1319 4199 1395 4265 sse.
1416 4199 1473 4263 soli
1489 4204 1628 4271 omnum
1638 4203 1685 4269 a·-
