4582 5320
1618 405 1668 511 tr

263 597 324 674 to,
345 581 393 659 in
412 578 480 656 tali
503 579 676 685 periculo
704 603 800 686 opus
820 603 916 678 esem
937 604 1071 688 oeque,
1102 577 1138 660 si'
1163 585 1279 690 pauci
1309 586 1551 681 adiuvarent,
1585 586 1670 665 lan.-
1714 623 1719 640 ›

262 705 469 812 guentihtu
486 706 591 798 aliis,
616 706 803 810 impetum
824 705 868 782 in
887 707 1040 782 curiam-
1053 697 1257 785 facturum.
1295 711 1440 789 Natura
1460 711 1585 804 ferox,
1609 737 1681 798 ve·-

265 828 439 920 hemens,
454 856 576 905 manu
587 845 789 934 promptus
800 845 901 925 erat3
924 857 1149 908 maxumum
1165 834 1314 912 bonum
1327 833 1369 911 in
1389 836 1580 912 celeritate
1598 862 1672 941 pu-

264 955 380 1032 tabat.
417 954 491 1030 Sed
510 954 730 1060 Allobroges
751 981 796 1030 ex
821 972 1011 1060 praecepto
1032 956 1224 1034 Ciceronis
1244 988 1313 1064 per
1334 961 1550 1036 Gabinium
1576 950 1730 1036 cete-⁴4⁵

205 1097 207 1100 ’
264 1103 324 1159 tos
343 1079 601 1172 conveniunt;
624 1082 674 1153 ab
692 1079 867 1171 Lentulo,
892 1079 1075 1186 Cethego,
1092 1083 1256 1175 Statilio,
1287 1085 1384 1160 item
1398 1085 1522 1160 Cassio
1543 1099 1677 1187 postu·

264 1202 351 1280 lant
370 1203 659 1294 iusiurandum,
683 1204 790 1307 quod
803 1205 996 1310 signatum
1015 1207 1065 1282 ad
1083 1208 1174 1284 ciris
1187 1209 1403 1312 perferant:
1429 1208 1541 1284 aliter
1568 1205 1676 1285 haud

220 1377 222 1384 ,
266 1325 381 1406 facile
406 1351 468 1403 eos
491 1327 542 1402 ad
565 1343 720 1403 tantum
741 1330 937 1436 negotium
959 1329 1105 1436 impelli
1131 1359 1245 1436 posse.
1285 1333 1408 1409 Ceteri
1432 1331 1534 1407 nihil
1552 1330 1686 1434 sarpis.

267 1466 396 1529 coum
414 1449 510 1524 dant
522 1481 540 1524 ει
557 1451 702 1526 Cassius
724 1471 841 1528 semet
854 1453 1018 1532 eohrevi
1035 1472 1243 1531 venturum
1262 1440 1487 1561 pollicetur,
1505 1481 1549 1530 ac
1564 1454 1677 1558 paul.-

268 1575 306 1650 lo
327 1589 418 1652 ante
442 1574 580 1676 legatos
602 1601 647 1649 ex
675 1577 772 1650 urbe
799 1576 1062 1680 proficiscitur.
1106 1581 1292 1654 Lentulus
1322 1606 1412 1653 cum
1437 1577 1498 1652 his
1516 1581 1558 1651 T.
1583 1577 1678 1652 vol-

269 1697 439 1774 turcium
453 1697 659 1799 quemdam
675 1701 961 1776 Crotoniensem
972 1700 1110 1792 mittit;
1124 1717 1174 1776 ut·
1181 1701 1400 1810 Allobroges
1418 1702 1544 1806 prius,
1559 1727 1678 1803 quarn

269 1823 430 1905 domum
444 1837 660 1926 pergerent,
686 1850 776 1898 cum
797 1825 981 1918 Catilina,
1015 1826 1104 1903 data
1126 1843 1242 1929 atque
1267 1841 1420 1930 accepta
1450 1824 1538 1914 lide,
1562 1823 1681 1898 socie-

271 1961 388 2020 tatem
406 1944 688 2021 confirmarent
726 1951 809 2050 Ipse
828 1949 1030 2026 Volturcio
1047 1951 1173 2025 literas
1191 1951 1241 2026 ad
1257 1951 1463 2026 Catilinam
1478 1948 1564 2036 dat,
1584 1973 1680 2050 qua-

272 2097 359 2148 rum
383 2071 601 2176 exemplum
622 2067 928 2176 infrascriptum
946 2091 1009 2150 est
1042 2075 1152 2171 „Qui
1164 2075 1254 2164 sim,
1280 2102 1325 2149 ex
1346 2101 1411 2164 eo,
1437 2097 1553 2176 quem
1575 2070 1625 2143 ad
1644 2087 1693 2143 te‘

272 2195 373 2283 misi,
397 2221 603 2300 cognosces.
634 2197 710 2268 Fac
735 2197 890 2301 cogites,
915 2198 956 2272 in
985 2215 1132 2302 quanta
1159 2199 1375 2273 calamitate
1398 2198 1465 2287 sis,
1489 2211 1527 2270 et
1547 2193 1681 2269 merni-

273 2319 372 2398 neris
393 2334 430 2392 te
447 2320 575 2398 virum
598 2344 672 2393 esre
683 2335 703 2412 3·
718 2319 947 2410 consideres,
970 2322 1067 2424 quid
1087 2339 1162 2397 tuae
1182 2323 1347 2398 rationes
1366 2301 1585 2424 postulent}
1612 2343 1694 2392 au-·

271 2443 411 2522 xillum
436 2460 542 2546 petas
563 2443 613 2518 ab
644 2443 853 2533 omnibus„
867 2444 983 2518 etiam
1006 2444 1055 2517 ab
1076 2444 1269 2536 infimis*
1301 2445 1361 2520 Aa
1397 2443 1472 2518 hoc
1498 2440 1680 2516 mandata

212 2555 220 2566 ’
276 2567 399 2644 verbis
414 2565 518 2642 -datz
554 2567 721 2662 „Quum
742 2567 790 2639 ab
812 2567 954 2640 Senatu
980 2564 1099 2640 hostis
1122 2567 1311 2641 iudicatus
1334 2568 1402 2657 sit,
1427 2591 1505 2669 quo
1525 2563 1688 2640 consilio

275 2692 425 2768 servitia
443 2691 643 2794 repudiet?
667 2689 709 2764 in
734 2689 830 2766 urbe
851 2707 991 2794 parata·
1005 2715 1079 2765 esse
1093 2748 1109 2781 ,.
1136 2716 1221 2794 quoe
1244 2691 1418 2766 iusserit:
1452 2715 1502 2764 ne
1527 2702 1682 2764 ermete-

283 2935 308 2974 r.
329 2914 380 2974 Ae.
400 2914 499 2978 Strnr.
518 2914 577 2976 inc.
591 2933 618 2977 π.
639 2913 723 2974 ilem.
744 2935 768 2977 t·
789 2914 858 2975 vin.
876 2934 902 2978 a.
924 2913 1153 2976 Guelf.1o.'.t2.
1174 2915 1242 3000 Teg.
1265 2915 1369 2987 Bael.
1391 2913 1476 2974 Rern.
1494 2934 1519 2974 ι.
1547 2919 1697 2989 Μᾶκερ.-

279 3019 355 3094 quib.
377 3021 541 3096 racemis.⁴
553 3018 650 3080 Gucll.
663 3019 692 3078 3.
712 3020 774 3078 Bas.
789 3039 816 3079 a.
838 3019 1199 3100 eumfvi‘adgredaretur.
1219 3024 1318 3082 inca.
1341 3041 1378 3080 ec
1395 3021 1462 3079 nob.
1484 3037 1596 3096 magno
1614 3033 1686 3094 pore

279 3133 352 3192 erat.
373 3122 444 3183 Fab.
455 3135 549 3204 uterq.
570 3123 676 3184 vta-1.
698 3123 907 3188 caueatur.
927 3134 1001 3184 erat.
1023 3127 1123 3194 omisit
1140 3126 1210 3184 Tur.
1229 3148 1255 3186 1.
1277 3126 1362 3185 Bern.
1380 3146 1404 3183 ι.
1419 3145 1445 3183 a.
1464 3119 1604 3202 percussis
1619 3139 1686 3177 om-

281 3229 372 3292 nibus.
392 3231 453 3289 inc.
466 3251 494 3288 a.
515 3227 612 3290 Guels.
629 3249 672 3311 ro.
693 3229 761 3293 Seu.
776 3250 802 3288 2.
823 3231 919 3290 Struv.
941 3230 1025 3294 Bem.
1039 3250 1066 3288 2.
1085 3229 1223 3309 parensis.
1245 3229 1341 3295 Guels.
1354 3232 1382 3288 6.
1399 3233 1428 3289 8.
1440 3232 1700 3306 sactononconn·

281 3333 376 3398 ullu„
388 3331 484 3392 Guoll.
500 3355 525 3394 1.
545 3334 655 3396 Vin..r.
676 3333 747 3416 Teg.
768 3355 807 3392 m.
821 3353 877 3392 sec.
895 3342 1047 3413 promptus
1060 3343 1257 3393 eratomnes
1273 3334 1351 3393 libri.
1369 3345 1484 3414 putore.
1505 3333 1589 3396 Bam.
1607 3352 1634 3398 ι,

345 3458 418 3542 Cap.
435 3463 484 3534 ll.
514 3462 592 3520 ru'hil
609 3460 684 3522 mali
699 3482 773 3542 srug.
796 3463 855 3538 inc.
871 3481 897 3518 a.
919 3458 1009 3520 lead.
1032 3482 1071 3521 m.
1087 3482 1132 3542 pra
1165 3461 1375 3528 ethecmal:
1403 3463 1528 3528 leid-u.
1558 3483 1625 3532 cren
1644 3464 1689 3522 his

283 3569 367 3628 omis.
389 3566 486 3628 Gucll.
498 3569 565 3647 5.9.
598 3565 794 3628 Voltumeirim.
814 3567 855 3624 ita
873 3565 1005 3624 meliores
1020 3567 1097 3625 libri.
1119 3575 1151 3625 ut
1166 3565 1261 3628 Allob.
1283 3569 1344 3630 Bas.
1358 3589 1384 3627 ι.
1397 3589 1425 3630 a.
1438 3569 1467 3639 4.
1488 3570 1558 3629 Tur.
1574 3590 1599 3628 ι.
1620 3587 1689 3626 om·

285 3673 425 3733 ncslaid.
446 3671 524 3731 Edit.
538 3671 798 3736 Gruter.et·Wass.
830 3679 994 3748 atqueccc.
1025 3669 1083 3736 Eri·
1110 3671 1172 3732 Bas.
1192 3675 1302 3745 eal.
1329 3671 1414 3732 Bern.
1437 3697 1461 3732 ι.
1483 3673 1554 3734 23.
1589 3691 1691 3731 omues

287 3777 369 3837 Laid.
385 3775 465 3840 Edit.
483 3776 601 3834 Gruter.
617 3785 647 3836 et
662 3777 754 3836 Wass.
783 3775 923 3855 scriptum
941 3784 1002 3834 est:
1022 3785 1087 3834 crat
1107 3777 1205 3837 Guels.
1217 3777 1246 3838 3.
1268 3777 1320 3856 qui
1336 3778 1391 3836 sim
1411 3780 1471 3842 inc.
1486 3797 1510 3842 r.
1534 3773 1690 3838 Patriae.

286 3883 381 3944 Strur.
402 3882 463 3941 Bas.
479 3902 504 3940 r.
524 3881 552 3941 3.
574 3883 641 3940 Seu.
662 3891 782 3963 uterque
802 3881 913 3944 Hense,
930 3881 999 3940 vin.
1023 3899 1049 3937 1.
1069 3879 1151 3944 Leid.
1166 3882 1186 3941 i.¹
1201 3886 1340 3963 l..plures
1361 3881 1507 3946 Glareaui.
1523 3891 1551 3942 et
1569 3881 1692 3946 Palatini

288 3991 454 4068 complures
484 4007 525 4046 m.
539 3984 679 4066 pr..'1'ur.¹
695 4007 720 4045 r.
743 4007 784 4044 ma
795 3984 930 4065 pr..'l'ur.
947 4004 972 4044 2.
994 3992 1022 4042 tc
1035 4003 1095 4043 esse·
1111 3985 1218 4045 virum.
1239 3985 1445 4068 Faba-uterq..
1463 3986 1648 4046 strum-Vin.
1663 4005 1690 4046 a.

290 4091 356 4152 Ecc.
376 4091 435 4150 Eri.
455 4088 525 4171 Teg.
546 4110 623 4148 uuus
637 4089 771 4148 Periere
793 4079 895 4150 virum
915 4109 970 4148 esse
990 4091 1086 4152 ceteri.
1107 4091 1150 4149 ed
1169 4089 1234 4150 lroee
1254 4101 1347 4171 uterq.
1369 4092 1427 4149 ine.
1448 4089 1531 4148 ilem.
1553 4090 1692 4162 Beuanl.

291 4191 690 4262 la.Gue1f.8..Leid.a..h.
718 4195 937 4274 ontnioparolc
955 4213 1012 4255 esto
1032 4176 1117 4255 Rem.
1136 4215 1160 4255 rt
1180 4195 1275 4256 Strnr.
1298 4195 1438 4268 Guelfil.
1457 4219 1484 4279 7.
1513 4199 1615 4260 omnia
1636 4201 1693 4262 ad.

291 4301 366 4362 ‹lunt
385 4311 413 4361 et
425 4299 506 4358 Laid.
523 4297 552 4359 h.
569 4317 600 4357 n.
620 4297 742 4365 Turta.
755 4299 805 4358 red
819 4301 878 4358 alio
891 4300 1162 4360 loco..etse..omir.
1182 4299 1421 4362 normanna..
