4542 5318
535 455 540 464 1
647 390 719 480 ²94

640 563 800 624 alienatum
821 559 989 620 sentiebam.
1031 583 1058 620 e.
1076 560 1124 621 36.
1152 555 1333 619 Flaminium
1355 559 1519 620 Flammam
1540 593 1559 608 -
1585 575 1752 644 comperta,
1778 573 1893 625 senatus
1912 596 1931 612 -
1950 561 2044 625 hostes

641 664 703 728 ind.
724 699 743 713 ·
762 664 902 724 dilectum
923 696 942 711 -
962 665 1078 736 risum3
1108 665 1157 724 cui
1177 696 1195 712 ··
1213 665 1301 722 armis
1321 675 1453 744 paterent
1472 697 1492 713 -
1511 665 1624 740 morbi,
1646 669 1699 726 uti.
1741 690 1768 729 c.
1783 668 1833 750 37.
1854 669 1919 749 quis
1938 689 2008 750 opes
2027 701 2045 718 -

642 789 770 854 praeceps
787 771 859 828 ierat
878 800 896 816 ·
915 770 1004 827 ermis
1024 769 1121 828 forent
1140 767 1332 848 -sperabant
1351 800 1369 815 -
1389 769 1462 828 elios
1481 771 1578 828 omnis
1596 802 1615 817 ··
1635 783 1797 832 reverterat.
1839 794 1867 832 c.
1887 774 1934 834 38.
1962 775 2045 832 resti-

641 883 720 944 tuta3
749 871 883 932 homines
902 903 921 920 ··
942 871 1103 950 [summam
1125 881 1295 950 potestatem
1328 870 1426 950 necti]
1448 904 1466 918 -
1487 871 1588 945 leros,
1618 862 1731 954 crepere
1751 907 1770 922 -
1789 878 1881 934 senati
1910 877 2005 956 specie
2025 908 2043 925 -

641 977 742 1055 paucis
762 974 909 1037 absolvam
925 994 979 1055 per
998 1006 1018 1022 ·
1037 975 1127 1033 senati
1148 975 1282 1034 auctorit.
1296 1006 1314 1020 -
1328 993 1422 1054 neque
1446 974 1596 1034 modestia.
1633 999 1659 1037 e.
1672 977 1721 1058 39.
1743 980 1924 1038 maritimum
1937 1013 1956 1026 -
1973 982 2045 1038 mis-

640 1099 702 1152 sos,
724 1079 818 1160 plebis
838 1113 856 1128 -
877 1089 985 1139 ceteros
1004 1079 1120 1138 iudiciis
1139 1111 1158 1125 ·
1178 1077 1298 1164 oblata,
1326 1066 1407 1160 ¹retus
1426 1111 1445 1124 ·
1463 1077 1587 1160 adepti,
1619 1080 1743 1155 diutius,
1769 1103 1802 1142 ea
1833 1115 1852 1129 -
1884 1081 2042 1142 Catilinam

640 1186 764 1265 profecti
783 1216 802 1231 -
821 1186 916 1242 solum
938 1184 1013 1244 eires
1032 1214 1050 1229 -
1073 1181 1195 1260 [bello].
1238 1202 1264 1246 e.
1279 1181 1329 1252 lo.
1350 1182 1530 1263 negotiatus,
1550 1185 1694 1266 plerisque
1706 1217 1725 1232 -
1737 1185 1920 1266 principibus
1930 1197 2043 1246 notus-

640 1291 741 1350 utisui
760 1320 781 1337 ·
800 1287 921 1348 dillieile
941 1287 1013 1366 quin
1035 1285 1134 1365 cupid.
1157 1318 1177 1332 -
1199 1285 1365 1364 propinquo
1387 1305 1482 1364 neque
1502 1319 1520 1333 -
1540 1290 1663 1346 arcessit.
1695 1309 1721 1348 c.
1736 1289 1785 1359 dr.
1809 1288 1968 1368 [consilio]
1991 1313 2042 1350 eo-

639 1395 723 1475 qnito
741 1426 761 1440 ·
779 1393 925 1472 prrsoepit,
944 1389 1084 1450 studium.
1127 1411 1153 1453 c.
1169 1401 1219 1462 4²·
1239 1387 1362 1466 [cuncta
1381 1387 1484 1466 simul]
1507 1411 1589 1471 agere
1609 1424 1627 1438 -
1646 1394 1737 1450 senati
1758 1397 1903 1452 consultu.
1944 1417 1970 1453 c.
1993 1399 2039 1464 43.

641 1499 703 1570 uti,
725 1495 851 1556 Catilina
870 1498 902 1554 in
922 1515 1025 1576 agrum
1047 1493 1229 1552 Fre-auianum
1249 1511 1318 1551 cum
1338 1493 1458 1552 venisset
1477 1525 1496 1540 -
1516 1506 1736 1575 exsequerentur
1748 1525 1767 1542 -
1781 1497 1928 1566 Statilius,
1948 1497 2041 1556 Gati-

640 1603 707 1660 nius
724 1611 892 1670 -eeteros,
913 1597 1019 1680 quibus
1039 1630 1057 1644 -
1079 1617 1146 1658 euna
1171 1597 1201 1660 ri
1226 1628 1244 1643 ·
1263 1614 1330 1675 pars
1355 1607 1488 1676 parentes
1505 1627 1525 1644 ·
1545 1609 1698 1678 prorutus,
1719 1619 1902 1664 maxumum.
1943 1622 1969 1662 e.
1991 1601 2040 1671 44.

642 1705 730 1784 [cum
743 1703 804 1784 his]
826 1703 892 1762 deta
913 1712 942 1760 et
962 1711 1079 1781 eccepta
1090 1701 1263 1780 -scriptum
1276 1721 1283 1756 r
1306 1701 1370 1779 quis
1389 1703 1443 1760 sim
1460 1734 1478 1749 -
1492 1702 1605 1773 virum3
1627 1702 1801 1766 consideres.
1843 1725 1869 1763 c.
1882 1705 1930 1774 45.
1952 1703 2041 1764 Pom-

640 1811 704 1868 tino
724 1841 744 1856 -
762 1808 915 1887 permittit.
937 1805 1079 1865 Homines
1098 1838 1117 1852 ·
1137 1807 1308 1879 collocatis,
1329 1810 1446 1865 occulto
1465 1805 1572 1865 -dein
1594 1806 1655 1864 ubi.
1696 1827 1723 1868 c.
1736 1807 1784 1878 le.
1806 1807 1954 1866 letabatur
1968 1827 2043 1866 con-

640 1913 784 1970 iuratione
803 1943 822 1958 -
843 1911 945 1969 ansius
964 1919 1042 1979 erat,
1061 1911 1094 1968 in
1116 1911 1244 1968 maximo
1264 1943 1282 1957 -
1303 1929 1395 1989 opus;
1417 1929 1534 1988 poenam
1556 1942 1574 1956 -
1594 1909 1761 1989 reipublice
1781 1911 1917 1970 credebat
1935 1944 1953 1958 -
1971 1911 2041 1970 item

641 2013 819 2094 Coeperinm
839 2044 857 2062 ι-
878 2012 931 2089 [ex
947 2011 1035 2087 urbe]
1051 2058 1065 2070 .
1082 2021 1185 2068 tenens
1200 2011 1344 2090 perducit.
1386 2033 1409 2074 c.
1428 2025 1476 2092 ²⁴7·
1498 2015 1614 2091 aperit:
1636 2015 1736 2092 paucis
1755 2047 1773 2061 -
1793 2034 1865 2093 quos
1876 2013 2043 2074 habereso-

640 2103 730 2177 litus':
753 2117 794 2174 Ex
812 2148 830 2163 -
851 2115 989 2185 tertium,
1010 2114 1060 2173 cui
1079 2143 1098 2159 -
1117 2111 1267 2172 abdicatus
1288 2116 1455 2196 magistratu
1474 2148 1493 2162 ·
1513 2117 1583 2174 item
1605 2119 1691 2177 ceteri
1710 2148 1729 2164 -
1747 2115 1852 2189 edilis,
1874 2116 2041 2177 Cetheius-

640 2232 778 2284 retractus
790 2218 846 2278 Cn.
878 2239 906 2278 e.
921 2218 970 2288 48.
992 2218 1119 2276 letitiam
1140 2215 1317 2296 agitabant·
1331 2216 1524 2291 detrimento;
1546 2218 1717 2279 incendium
1738 2254 1755 2268 -
1775 2221 1949 2300 quotidiano
1963 2253 1982 2269 ·
1996 2243 2042 2282 se·

639 2337 742 2384 netum
761 2323 864 2381 edocet
883 2351 901 2367 -
920 2341 958 2378 ne
974 2319 1127 2390 Lentulus,
1143 2317 1302 2398 Cethegus,
1323 2322 1373 2377 alii
1394 2339 1428 2378 ex
1447 2352 1465 2366 -
1486 2331 1584 2380 tamen
1604 2324 1657 2382 etsi
1676 2357 1695 2372 -
1714 2323 1842 2382 hominis
1862 2325 2003 2384 leniunda
2023 2359 2042 2373 -

639 2429 761 2499 salsum,
783 2426 905 2505 deque-
919 2424 1056 2480 mentitus
1069 2432 1138 2480 esset
1157 2454 1175 2468 -
1195 2432 1392 2496 restumumnt,
1414 2423 1499 2488 illud.
1527 2445 1553 2484 c.
1565 2439 1613 2504 49.
1628 2447 1722 2506 neque
1734 2429 1841 2508 gretia,
1862 2447 1957 2506 neque
1971 2449 2041 2507 pre-

640 2525 722 2592 cibus
740 2563 759 2577 ·
779 2525 948 2588 exercebant
966 2557 986 2573 -
1003 2525 1113 2585 iudicio
1135 2524 1362 2605 repetundarum
1383 2559 1402 2573 -
1423 2527 1503 2606 quod
1532 2529 1668 2608 privatim
1689 2563 1707 2577 -
1727 2532 1837 2592 circum
1850 2512 2039 2592 concordie.

639 2657 666 2696 c.
680 2636 728 2694 50.
748 2631 836 2693 soliti.
857 2627 1000 2712 Cethegus
1019 2661 1039 2676 -
1057 2649 1139 2702 suos,
1159 2629 1325 2689 exercitatos
1345 2662 1364 2677 -
1384 2629 1485 2690 orabat
1505 2649 1589 2712 grege
1607 2663 1626 2679 ·
1645 2643 1782 2704 ventum,
1804 2643 1929 2716 rogatus.
1950 2656 1977 2695 c.
1990 2635 2037 2704 61.

639 2727 724 2820 copie
746 2733 930 2798 memorandi
948 2733 1099 2806 -animi,
1126 2743 1202 2792 recte
1221 2733 1421 2812 -·impunitos
1437 2733 1571 2793 dimisere
1590 2766 1608 2781 -
1629 2736 1733 2795 inillis
1748 2739 1809 2795 inre
1829 2767 1848 2783 ·
1867 2736 1947 2796 idem
1965 2759 2039 2818 pro-

637 2841 799 2906 uidendum
819 2871 837 2889 -
856 2840 921 2908 irre,
943 2857 1032 2916 quum
1053 2868 1071 2886 ··
1089 2837 1125 2894 iis
1143 2835 1289 2894 utendum
1310 2867 1329 2886 ·
1347 2839 1472 2910 saevitia,
1494 2857 1557 2918 qun
1575 2870 1595 2886 ·
1612 2839 1677 2898 aliis
1691 2841 1748 2900 alia
1762 2843 1895 2914 lieentia,
1916 2853 2038 2922 patres-

638 2948 754 3008 lortuna
777 2963 859 3024 pares
878 2940 1042 3012 -dicitur,
1064 2940 1095 2997 in
1115 2938 1241 3018 impen'o
1260 2971 1279 2986 -
1298 2942 1409 2999 sceleris
1429 2939 1514 3000 obliti
1533 2973 1552 2988 ·
1572 2962 1635 3002 eam
1657 2945 1831 3004 modestiam
1851 2977 1870 2993 -
1890 2967 1950 3004 non
1962 2945 2037 3006 mihi

637 3049 720 3111 crud.
741 3082 759 3096 -
779 3049 909 3108 artimern
925 3063 992 3103 non
1011 3041 1086 3122 eripi
1101 3041 1150 3100 sed
1167 3043 1199 3100 in
1212 3043 1290 3105 ersil.
1310 3075 1329 3090 -
1348 3063 1433 3124 grave
1453 3045 1542 3104 nimis
1560 3077 1579 3092 ·
1600 3049 1704 3106 merito
1725 3049 1833 3108 oceidit
1851 3081 1870 3096 -
1890 3049 1964 3108 illud
1976 3049 2038 3128 [ex-

636 3151 815 3233 eremplum]
838 3197 852 3210 .
872 3151 1012 3218 scelestos,
1034 3147 1167 3205 factiosos
1186 3175 1205 3192 ·
1224 3147 1268 3204 lta
1283 3145 1389 3226 quibua
1412 3180 1431 3194 -
1452 3159 1519 3228 poet
1538 3153 1640 3229 paullo
1660 3184 1678 3198 .
1698 3153 1730 3210 in
1752 3172 1873 3224 manua,
1894 3153 1998 3212 salsum
2017 3186 2037 3202 .

637 3260 701 3338 quis
721 3258 811 3315 finem
831 3287 850 3301 -
870 3271 964 3333 neque
984 3247 1118 3329 snperbia
1138 3280 1156 3295 -
1176 3249 1288 3329 proba,
1309 3251 1494 3311 imitarentur
1507 3255 1656 3334 -elinque
1670 3266 1795 3334 paratu,
1817 3255 1922 3335 quibus
1935 3289 1954 3306 ·
1967 3279 2035 3338 per-

637 3365 765 3420 missum.
787 3359 880 3416 llanc.
892 3333 928 3416 xc.
944 3355 992 3418 52.
1013 3374 1130 3413 mecum
1150 3355 1211 3432 ipse
1230 3365 1334 3433 reputo
1355 3387 1373 3401 -
1393 3355 1430 3414 ab
1450 3357 1524 3429 illie,
1546 3379 1634 3440 quam
1647 3391 1666 3406 -
1679 3370 1772 3421 cetera
1787 3371 1849 3420 tum
1865 3381 2033 3442 peraequare

635 3496 654 3513 -
672 3483 735 3522 non
756 3464 792 3520 de
809 3463 956 3522 sociorum
978 3491 996 3505 -
1016 3457 1119 3530 tinne,
1140 3459 1292 3536 opulentia
1311 3491 1330 3504 ·
1350 3457 1434 3516 bonis
1454 3479 1491 3518 an
1514 3463 1598 3520 malis
1615 3495 1635 3509 -
1654 3461 1805 3523 Romani:
1832 3467 1883 3524 sed
1902 3498 1920 3514 -
1934 3467 2033 3538 modi,

635 3579 733 3627 nostm
752 3597 771 3612 -
789 3566 851 3627 sita.
879 3563 944 3622 Sint
961 3581 1030 3621 sene
1048 3592 1067 3608 -
1087 3561 1156 3619 falsa
1174 3560 1262 3621 credo
1278 3593 1298 3608 -
1317 3564 1508 3636 existumans,
1531 3586 1593 3645 qun
1613 3599 1631 3613 -
1651 3570 1822 3642 eonsilium,
1854 3572 1878 3628 si
1900 3573 1989 3650 peric.
2015 3603 2035 3620 ·

635 3673 721 3731 refert
740 3668 814 3728 mihi
834 3699 853 3716 ·
871 3667 904 3727 T.
925 3666 1053 3724 Manlius
1065 3695 1084 3710 ·
1096 3665 1219 3737 muenia,
1240 3664 1273 3724 in
1292 3666 1359 3724 sinu
1373 3671 1518 3727 -occulte
1538 3679 1633 3749 potest
1650 3702 1669 3718 ·
1689 3673 1920 3752 properandum.
1950 3673 2034 3746 Qua·

634 3796 664 3835 re
684 3777 778 3834 -alia
800 3772 886 3831 loeda.
928 3791 954 3829 c.
969 3770 1016 3831 53.
1037 3787 1160 3850 magnus
1174 3779 1267 3848 atque
1288 3773 1382 3829 clame
1399 3803 1420 3818 -
1439 3791 1474 3831 ae
1490 3774 1583 3835 *veluti
1602 3807 1621 3822 -
1641 3775 1748 3836 divorsi
1769 3777 1911 3836 moribus.
1942 3799 1968 3842 e.
1983 3777 2030 3847 54.

634 3901 669 3940 ec
690 3877 890 3938 munificentia
909 3907 927 3921 -
946 3870 1143 3942 sublevand03
1164 3868 1239 3929 Cato
1259 3903 1277 3918 -
1296 3873 1428 3952 adeptus.
1448 3873 1494 3933 In.
1537 3897 1563 3936 c.
1580 3879 1627 3937 55.
1648 3882 1813 3958 paullulum
1835 3883 1994 3942 emenderis
2013 3917 2032 3930 -

634 3983 773 4042 demissus
786 3979 939 4050 Lentulus,
961 3975 1066 4056 quibus
1084 4005 1103 4021 ·
1123 3993 1157 4032 ex
1175 3975 1341 4035 clarissuma
1362 3987 1447 4057 gente
1463 4009 1482 4026 -
1500 3991 1629 4040 sumtum
1653 3983 1711 4060 (erl
1729 3975 1869 4062 omisso).¹
1887 4009 1914 4046 e.
1931 3987 1978 4050 56.
1999 3988 2031 4046 in
2048 3999 2053 4008 “

610 4157 614 4162 ¹
634 4095 725 4148 castra
745 4083 825 4146 venit
844 4115 862 4129 -
882 4082 990 4138 montis
1009 4081 1063 4137 iter
1081 4109 1100 4128 ι·
1121 4074 1199 4135 ‘diem
1220 4096 1277 4137 sese
1298 4077 1467 4142 habiturum
1481 4085 1673 4144 -rationibua
1690 4085 1914 4170 [existumansl.
1942 4112 1968 4152 e.
1982 4092 2031 4171 57.

634 4189 734 4250 ceteris
754 4205 827 4267 quos
845 4185 915 4244 -'in
936 4181 1070 4246 Gelliam.
1092 4179 1129 4241 lt
1147 4212 1165 4227 -
1186 4193 1284 4246 moret
1303 4203 1338 4244 no
1357 4183 1411 4244 sub
1431 4216 1450 4232 -
1470 4183 1522 4264 [iu
1542 4187 1669 4248 Galliam
1690 4193 1889 4272 properanti].
1931 4216 1957 4254 e.
1980 4195 2029 4258 58.

634 4292 722 4354 ltune
740 4307 800 4372 quo
820 4291 852 4348 in
872 4291 939 4387 loco
967 4317 986 4334 -
1012 4287 1044 4348 in
1064 4284 1169 4346 dextris
1182 4297 1302 4370 ¹portare
1325 4321 1344 4338 -
1371 4299 1432 4352 tuta
1452 4303 1632 4356 commeatus
1650 4297 1734 4356 -ain
1755 4307 1834 4358 metu
1863 4328 1882 4345 ·
1905 4297 2030 4364 advorsa
