4582 5320
600 457 668 507 110

596 639 686 689 eum
705 612 754 686 ab
775 625 909 686 senatu
930 608 1066 684 missos.
1104 609 1174 685 Ille
1190 607 1259 684 ubi
1279 607 1442 710 accepit,
1466 603 1640 710 homines
1658 602 1801 688 claros,
1825 617 1992 699 quorum

553 803 555 806 .
595 734 863 811 auctoritatem
882 735 1010 807 Romae
1031 731 1175 834 pollere
1196 729 1409 816 audiverat,
1434 743 1567 803 contra
1587 726 1784 827 inceptum
1799 745 1913 795 suum
1932 723 1992 790 ve'-

594 859 713 934 nisse:
749 857 878 960 primo.
894 871 1125 946 commotus,
1157 869 1401 954 metuatque
1431 839 1614 925 lubidine·
1632 848 1799 923 divorsus
1824 839 1991 946 agitaba-

595 995 669 1056 tur.
706 979 882 1054 Timebat
901 978 1000 1054 iram
1023 979 1201 1066 Senatus,
1225 975 1269 1050 ni
1293 974 1478 1078 paruisset
1500 973 1658 1077 legatis:
1692 993 1807 1073 porro
1841 965 2022 1043 animus,

593 1099 776 1205 cupidine
793 1127 912 1177 caecus
933 1101 983 1176 ad
1003 1100 1202 1202 inceptum
1220 1098 1339 1174 scelus
1361 1096 1540 1199 rapiebat
1574 1093 1680 1170 Vicit
1704 1089 1896 1202 tamenin
1914 1086 1993 1160 avi-

592 1224 642 1300 do
663 1223 817 1328 ingenio
837 1250 999 1327 pravum
1014 1222 1227 1298 consilium.
1277 1220 1418 1325 Igitur,
1433 1219 1601 1294 exercitu
1618 1214 1872 1302 circumdato,
1889 1237 1993 1286 sum·

476 1369 477 1373 ’
593 1373 655 1422 ma
680 1347 719 1422 vi
736 1348 881 1423 Cirtam
908 1346 1121 1450 irrumpere
1148 1346 1308 1434 nititur,
1337 1369 1514 1418 maxume
1535 1364 1713 1444 sperans,
1729 1336 1886 1413 diducta
1912 1357 1993 1407 ma·

593 1497 651 1547 nu
673 1468 862 1560 hostium,
882 1485 950 1544 aut
977 1470 1036 1558 vi,
1055 1485 1124 1544 aut
1145 1467 1260 1558 dolis,
1281 1493 1356 1542 sese
1382 1491 1512 1540 casum
1536 1463 1703 1540 victoriae
1735 1460 1991 1536 inventurum.

594 1593 711 1691 Quod
725 1595 795 1669 ubi
811 1618 915 1668 secus
932 1592 1105 1696 procedit
1135 1617 1277 1692 neque,
1306 1588 1412 1692 quod
1430 1586 1667 1676 intenderat,
1693 1584 1836 1658 efficere
1852 1593 1993 1684 potest,

592 1733 639 1793 ut
659 1717 785 1820 prius,
803 1742 921 1817 quam
938 1715 1077 1818 legatos
1100 1711 1340 1800 conveniret,
1357 1708 1584 1785 Adherbalis
1608 1707 1798 1810 potiretur
1809 1735 1820 1796 3
1839 1727 1890 1776 ne
1912 1726 1991 1773 am—

592 1839 693 1943 plius
711 1838 898 1913 morando
920 1837 1128 1924 Scaurum,
1156 1861 1271 1936 quem
1296 1832 1511 1937 plurimum
1527 1831 1735 1917 metuebat,
1757 1823 1992 1907 incenderet,
2008 1930 2014 1945 ,

593 1985 684 2036 cum
711 1960 843 2062 paucis
873 1958 1067 2060 equitibus
1098 1956 1139 2030 in
1167 1957 1404 2058 provinciam
1433 1953 1547 2031 venit
1595 1957 1651 2028 Ao
1686 1947 1832 2025 tametsi
1865 1944 1993 2021 Senati

593 2082 715 2158 verbis
740 2107 868 2186 graves
891 2080 1006 2154 minae
1037 2078 1345 2168 nunciabantur,
1374 2078 1480 2180 quod
1514 2077 1563 2152 ab
1594 2069 1883 2180 oppugnatione
1912 2093 1990 2144 non

593 2203 803 2297 desisteret3
826 2202 950 2277 multa
974 2217 1103 2275 tamen
1124 2200 1299 2274 oratione
1335 2215 1555 2288 consumta,
1580 2197 1692 2302 legati
1708 2197 1847 2272 frustra
1863 2191 1992 2272 disces·

549 2347 682 2408 26sere.
732 2327 788 2399 Ea
817 2341 1021 2428 postquam
1051 2325 1164 2398 Cirtae
1189 2321 1322 2396 audita
1347 2338 1459 2412 sunt,
1485 2319 1634 2410 Italici,
1660 2348 1828 2424 quorum
1853 2322 1993 2397 virtute

595 2446 740 2524 moenia
760 2427 1091 2535 defensabantur,
1117 2444 1277 2534 confisi,
1303 2443 1499 2520 deditione
1521 2444 1642 2532 facta,
1665 2459 1823 2546 propter
1845 2442 1991 2548 magni·

596 2569 771 2646 tudinem
790 2567 926 2672 populi
941 2568 1104 2643 Romani
1126 2567 1326 2643 inviolatos
1355 2593 1431 2642 sese
1457 2566 1557 2656 fore,
1582 2565 1792 2646 Adherbali
1808 2564 1991 2654 suadent,

592 2693 654 2770 uti
675 2717 789 2795 seque
808 2706 847 2766 et
870 2691 1058 2796 oppidum
1078 2688 1274 2796 Iugurthae
1295 2689 1438 2766 tradat:
1464 2705 1618 2766 tantum
1644 2691 1758 2765 abeo
1785 2689 1903 2767 vitam
1926 2715 1991 2796 pa·

591 2897 668 2969 quot
676 2885 758 2949 Cort.
778 2888 879 2961 lissi.
900 2888 971 2950 dein
980 2887 1066 2950 Febr.
1076 2911 1102 2950 ι.
1115 2891 1223 2972 aliique
1231 2890 1398 2954 vetustiores
1410 2886 1557 2949 audierat.
1573 2888 1669 2951 Struv.
1684 2887 1736 2949 do.
1747 2888 1878 2969 primum
1886 2905 1990 2948 comm.

592 2991 658 3058 bas.
670 2991 700 3064 d.
720 2993 797 3069 Tur..
810 2993 941 3074 rapiebat
958 2993 1028 3054 Nar.
1040 2993 1255 3075 Commpsuoi
1266 2993 1391 3054 stort.
1410 2991 1492 3052 Leid.
1504 2995 1526 3051 l.
1546 2992 1884 3072 duonivii.rapicta1ur
1898 2989 1993 3052 ceteri.

471 3105 472 3108 ’
592 3097 637 3156 ed
652 3096 711 3158 inc.
725 3097 915 3158 minandum
932 3097 1042 3159 Bersin.
1061 3097 1152 3163 Palm.
1167 3107 1197 3158 et
1212 3098 1342 3178 quinquo
1358 3097 1472 3160 wanti.
1492 3097 1627 3168 {deducto
1653 3095 1751 3157 Guell.
1768 3097 1797 3168 4.
1810 3119 1840 3178 7.
1860 3117 1906 3158 ιο.
1925 3095 1993 3160 vin.

596 3221 625 3260 r.
653 3199 704 3262 Ao.
725 3201 826 3262 lleuss.
845 3203 941 3267 Sonat.
957 3222 985 3268 ι.
1005 3203 1102 3268 Struv.
1124 3203 1227 3263 insert.
1244 3221 1270 3260 1.
1290 3204 1388 3282 plures
1400 3200 1481 3262 Laid.
1500 3201 1563 3262 Bas.
1576 3200 1604 3273 d.
1626 3201 1752 3262 berosi.
1773 3203 1865 3261 ducto
1883 3199 1993 3264 Leidl.

592 3299 655 3364 Bas.
669 3324 695 3364 ι.
716 3323 836 3364 eausam
850 3305 980 3368 victori&
999 3305 1098 3366 Gnsll.
1114 3325 1140 3369 ι.
1152 3325 1180 3365 ι.
1199 3305 1268 3366 Son.
1279 3325 1305 3364 ι.
1324 3303 1409 3364 Rem.
1419 3325 1446 3365 1.
1465 3303 1634 3366 Adherbale
1642 3314 1704 3386 pot.
1724 3305 1822 3366 Gucll.
1832 3325 1857 3364 ι.
1869 3305 1898 3376 d.
1909 3325 1938 3387 7.
1950 3323 1995 3368 ιι.

591 3405 797 3487 semanno.
809 3429 916 3469 mser.
936 3409 1034 3473 incr.
1054 3417 1160 3474 Frons.
1178 3407 1259 3468 Vrat.
1271 3428 1300 3467 ι.
1320 3405 1518 3468 Adherbalem
1538 3407 1638 3470 Gucll'.
1651 3429 1680 3490 9.
1697 3419 1726 3469 et
1741 3409 1772 3468 in
1792 3409 1923 3490 quinquo
1936 3416 1994 3470 ret

589 3506 690 3570 Godd.
710 3529 783 3591 quos
801 3510 917 3575 Vossius
931 3512 1064 3591 inspexit.
1109 3508 1287 3574 Adherbalis
1315 3521 1421 3590 prater
1445 3523 1554 3572 ceteros
1576 3511 1667 3588 libros
1682 3513 1781 3574 firmat
1803 3513 1994 3574 Prisc.18.c.

594 3614 643 3674 25.
663 3635 695 3696 p.
707 3633 776 3695 ²²9·
801 3613 857 3674 Ed.
873 3613 927 3675 Kr.
944 3623 1076 3674 momen
1092 3613 1148 3676 clai
1163 3615 1231 3675 Son.
1252 3635 1282 3676 ι.
1300 3615 1416 3682 Vratisl.
1429 3636 1458 3677 ι.
1478 3614 1568 3676 minc
1579 3637 1664 3696 grav.
1691 3613 1749 3677 hoc
1761 3615 1867 3678 ordine
1881 3615 1948 3678 niv.
1963 3631 1996 3674 aa

592 3715 691 3780 Godd.
711 3719 928 3800 quodoppugn.
949 3717 1098 3780 Gommsl.
1118 3737 1195 3778 unus
1208 3717 1296 3780 nivii.
1315 3717 1397 3793 Leid.
1411 3721 1433 3781 l.
1446 3741 1478 3780 n.
1492 3721 1615 3799 frustra
1635 3720 1712 3782 delet
1730 3720 1813 3782 Leid·
1826 3741 1854 3786 a.
1874 3718 1954 3783 Vnst
1969 3739 1993 3784 ι.

673 3843 748 3929 cap.
763 3847 811 3912 26.
832 3845 906 3906 Itob'
922 3845 1009 3912 Febr.
1026 3867 1054 3907 1.
1079 3845 1161 3910 Vrat
1174 3867 1201 3908 ι.
1226 3846 1295 3908 Son.
1317 3866 1344 3906 ι.
1364 3845 1462 3909 Gusll.
1476 3865 1506 3908 ι.
1526 3865 1610 3928 seque
1623 3857 1652 3908 et
1668 3846 1808 3928 oppidum
1827 3848 1869 3908 ita
1886 3845 1993 3930 optimi

590 3949 670 4012 libri.
688 3969 800 4031 surque
816 3957 845 4011 et
864 3971 910 4032 op.
930 3938 1016 4011 lem.
1028 3973 1055 4011 ι.
1075 3950 1173 4012 Gusll.
1183 3973 1212 4036 7.
1231 3969 1261 4011 ss
1278 3957 1306 4010 st
1318 3971 1365 4031 op.
1380 3949 1486 4012 Frsno.
1500 3961 1530 4011 st
1550 3951 1649 4013 Guelf.
1672 3971 1720 4011 ιι.
1736 3971 1821 4031 seque
1840 3951 1994 4032 oppidem·

590 4075 646 4134 qus
664 4052 763 4116 Gusll'.
777 4075 823 4121 ro.
842 4073 900 4116 sese
912 4063 941 4114 st
953 4075 1018 4137 opp.
1037 4053 1090 4116 Ac.
1109 4057 1209 4118 inca.
1230 4055 1362 4116 uadem
1380 4052 1466 4114 Febr.
1482 4075 1510 4116 ι.
1529 4051 1599 4138 Teg.
1619 4073 1766 4117 mroessss
1786 4053 1872 4122 Febr.
1884 4071 1911 4115 ι.
1926 4053 1995 4136 leg.

590 4155 662 4222 Tur.
676 4179 702 4220 ι.
723 4168 823 4219 tomen
836 4159 915 4240 quia.
933 4168 1033 4219 tomen
1042 4180 1104 4220 om.
1121 4159 1235 4220 Febris.
1251 4176 1282 4219 ι.
1311 4156 1563 4222 siudvorsarstur
1586 4147 1700 4220 r'abrio.
1719 4179 1746 4219 ι.
1766 4168 1796 4220 st
1811 4178 1888 4218 unus
1907 4157 1993 4218 nivii.

591 4262 662 4324 ded.
676 4262 865 4344 facitfirit.
888 4267 975 4329 multi
990 4263 1059 4328 libri
1082 4261 1230 4328 deterioris
1261 4273 1359 4340 uota,
1374 4265 1463 4325 stiam
1481 4263 1552 4348 Teg-
1569 4263 1639 4326 Tur.
1660 4261 1744 4328 Febr.
1761 4283 1789 4326 ι.
1807 4283 1850 4325 m.
1862 4271 1919 4329 sss.
1939 4259 1995 4344 igi·
