4560 5338
1631 429 1677 504 19

270 579 351 654 cuti
372 596 513 668 sontes,
538 580 830 670 circumvenire,
869 579 1041 686 iugulare
1053 608 1063 672 ;
1085 577 1245 672 scilicet,
1270 605 1319 658 ne
1348 607 1419 686 per
1440 581 1580 660 otium·
1597 601 1673 660 tor-

269 713 464 797 pescerent
489 721 625 772 manus
646 712 715 770 aut
738 696 911 784 animus,
948 694 1114 800 gratuito
1136 698 1263 799 potius
1286 697 1408 772 malus
1438 715 1554 801 atque
1585 725 1673 774 cru-

271 809 365 884 delis
399 827 488 886 erat.
538 811 607 885 His
630 811 759 886 amieis
786 811 973 913 sociisque
1008 809 1170 885 confisus
1196 812 1385 902 Catilina,
1422 814 1537 888 simul
1566 815 1671 916 quod

268 949 316 998 aes
337 925 506 1002 alienum
536 954 606 1030 per
630 925 752 1000 omnis
781 941 896 1000 terras
919 926 1050 1029 ingens
1069 943 1165 1015 erat,
1199 943 1238 1002 et
1264 927 1368 1029 quod
1387 929 1563 1032 plerique
1584 929 1669 1006 Sul-

269 1037 349 1116 lani
376 1042 529 1132 milites,
556 1041 695 1146 largius
722 1068 791 1117 suo
822 1039 908 1130 usi,
932 1041 1158 1144 rapinarum
1183 1059 1221 1116 et
1246 1043 1413 1117 victoriae
1431 1045 1563 1118 veteris
1590 1072 1668 1121 me-

268 1147 409 1248 morale,
422 1157 532 1232 civile
551 1157 698 1231 bellum
710 1157 942 1260 exoptabant
953 1189 963 1248 ;
989 1157 1257 1260 opprimundae
1276 1158 1496 1261 reipublicae
1517 1159 1669 1235 consili-

269 1295 336 1342 um
357 1273 466 1375 cepit
504 1275 550 1346 ln
569 1273 679 1346 ltalia
706 1271 837 1346 nullus
861 1271 1067 1346 exercitus:
1103 1274 1169 1346 Cn.
1201 1274 1401 1375 Pompeius
1429 1273 1470 1347 in
1495 1276 1670 1348 extremis

270 1385 376 1458 terris
401 1387 546 1461 bellum
563 1389 735 1492 gerebat:
763 1389 834 1491 ipsi
860 1385 1102 1460 consulatum
1123 1388 1271 1496 petenti
1301 1414 1438 1491 magna
1463 1414 1570 1490 spes:
1607 1389 1669 1462 Se-

268 1517 380 1574 natus
402 1501 500 1576 nihil
521 1529 612 1577 sane
632 1503 802 1577 intentus
823 1535 831 1575 :
853 1519 945 1574 tutae
964 1501 1259 1603 tranquillaque
1283 1526 1338 1574 res
1367 1527 1495 1575 omnes
1502 1535 1512 1595 3
1533 1503 1600 1576 sed
1624 1527 1668 1578 ea

267 1639 419 1714 prorsus
447 1633 664 1722 opportuna
697 1619 879 1693 Catilinae.
930 1617 1052 1718 Igitur
1073 1615 1224 1688 circiter
1244 1613 1432 1689 Kalendas
1456 1617 1603 1706 Iunias,
1628 1619 1713 1712 L17

274 1731 415 1806 Caesare
433 1750 472 1808 et
491 1737 528 1809 C
549 1735 683 1838 Figulo
709 1732 953 1820 Consulibus,
975 1729 1101 1834 primo
1118 1728 1285 1833 singulos
1302 1728 1513 1832 adpellare:
1539 1729 1670 1806 borta-

269 1843 303 1918 ri
336 1846 447 1939 alios,
482 1848 576 1924 alios
611 1865 795 1951 temptare
823 1879 831 1919 ε
870 1871 958 1949 opes
981 1869 1092 1934 suas,
1117 1845 1345 1946 imparatam
1368 1844 1672 1946 rempublicam,

269 1987 406 2066 magna
422 1966 579 2068 praemia
594 1962 868 2038 coniurationis
886 1961 1029 2036 docere.
1058 1959 1132 2033 Ubi
1149 1958 1237 2033 satis
1260 1958 1454 2061 explorata
1470 1977 1563 2034 sunt
1582 1987 1668 2062 quae

268 2076 407 2170 voluit,
440 2080 481 2155 in
511 2107 636 2156 unum
670 2079 792 2154 omnis
819 2091 1021 2164 convocat,
1059 2073 1200 2175 quibus
1225 2099 1404 2147 maxuma
1433 2075 1667 2152 necessitudo

268 2207 306 2266 et
329 2193 543 2297 plurimum
562 2195 730 2272 audaciae
758 2193 890 2267 inerat.
930 2193 987 2265 Eo
1019 2215 1228 2264 convenere
1250 2188 1436 2263 Senatorii
1459 2188 1603 2266 ordinis
1626 2194 1667 2266 P.

264 2308 448 2388 lentulus
468 2314 582 2403 Sura,
607 2315 643 2386 P.
670 2307 897 2394 Autronius,
921 2308 960 2378 L
988 2304 1133 2379 Cassius
1156 2302 1369 2407 Longinus,
1393 2305 1431 2380 C
1458 2302 1664 2410 Cethegus,

266 2425 303 2496 Ρ.
323 2440 362 2499 et
379 2427 526 2502 Servius
554 2425 685 2515 Sullae,
722 2422 838 2498 Servii
858 2420 949 2508 lilii,
973 2422 1012 2494 L.
1034 2418 1307 2521 Vargunteius,
1341 2419 1387 2514 Q.
1407 2420 1581 2510 Annius,
1616 2421 1667 2496 M.

264 2540 423 2614 Porcius·
436 2546 558 2632 Laeca,
584 2547 622 2616 L.
642 2541 776 2627 bestia,
803 2537 849 2632 Q.
873 2534 1031 2609 Curius:
1065 2549 1245 2635 praeterea
1270 2558 1316 2606 ex
1341 2534 1505 2634 equestri
1532 2534 1667 2610 ordine

263 2655 313 2728 M.
338 2657 494 2732 Fulvius
516 2654 705 2744 Nobilior,
730 2657 768 2727 Ι..
791 2649 976 2738 Statilius,
1009 2651 1046 2721 P.
1068 2646 1259 2720 Gabinius
1284 2647 1440 2749 Capito,
1467 2651 1504 2723 C
1526 2650 1666 2724 Corne-

210 2889 215 2898 ¹
262 2874 297 2933 ei.
320 2876 399 2934 Leid.
412 2898 437 2935 c.
450 2897 477 2958 g.
499 2875 625 2935 Putate.
647 2875 708 2934 llas.
727 2897 752 2933 ι.
779 2874 870 2934 Mark.
883 2886 914 2938 r.
930 2884 964 2935 Λ.
991 2869 1076 2932 Rem.
1093 2889 1119 2928 2.
1139 2869 1240 2928 Vinar.
1264 2887 1290 2927 2.
1318 2864 1414 2928 Guell.
1431 2867 1458 2927 5.
1473 2871 1553 2930 itaet
1565 2869 1667 2933 Rivius

262 2999 296 3038 cx
309 2991 427 3060 mscrpt.
446 2981 543 3040 Turio.
559 3001 583 3038 1.

325 3083 398 3165 Cap.
416 3085 460 3143 16.
482 3085 630 3144 εεάαίίιιν.
649 3085 718 3166 Teg.
739 3083 851 3142 Fabric.
874 3104 898 3141 ι.
920 3082 1073 3140 intererat.
1093 3079 1155 3138 llas.
1168 3099 1194 3138 ι.
1220 3074 1604 3154 multusacinora.Bas.1.
1626 3099 1667 3138 m.

261 3209 317 3250 see.
338 3191 509 3270 signatores.
530 3189 602 3270 lieg.
621 3189 691 3248 Tur.
708 3211 733 3247 1.
745 3209 785 3246 m.
797 3208 842 3266 pr.
864 3187 1010 3245 edocebat.
1030 3184 1092 3242 Bas.
1112 3204 1137 3241 ι.
1157 3203 1197 3239 m.
1208 3201 1263 3240 sec.
1292 3191 1342 3239 aut
1357 3201 1463 3240 monus
1475 3191 1527 3239 aut
1540 3182 1666 3242 animm.

262 3293 331 3354 Tur.
348 3316 372 3354 r.
394 3303 573 3374 torpesceret.
594 3294 674 3353 Leid.
685 3315 724 3352 m.
737 3315 767 3351 n.
788 3292 850 3349 Bas.
863 3309 888 3348 2.
899 3289 927 3358 Δ.
939 3289 968 3348 3.
990 3287 1059 3345 Tur.
1073 3305 1100 3345 2.
1122 3283 1206 3342 Rern.
1221 3305 1245 3342 r.
1264 3285 1382 3362 grande
1392 3303 1446 3362 per
1460 3303 1560 3344 omnes
1573 3294 1667 3347 terras

260 3409 333 3461 erat.
355 3398 436 3458 Leid.
450 3402 470 3458 l.
491 3397 633 3458 exercitus
643 3408 716 3457 erat.
737 3397 817 3455 Leid.
835 3393 864 3452 b.
874 3415 900 3452 c.
914 3391 944 3449 d.
955 3413 981 3450 e.
993 3391 1013 3448 l'.
1025 3387 1057 3448 h.
1087 3387 1184 3446 Gnell.
1197 3387 1226 3446 3.
1241 3387 1270 3457 4.
1282 3387 1310 3450 6.
1322 3408 1349 3466 7.
1361 3388 1389 3446 8.
1400 3409 1428 3467 9.
1457 3387 1517 3447 Bne.
1533 3387 1561 3452 3.
1577 3387 1663 3450 Febr.

262 3525 290 3565 2.
333 3504 417 3563 llem.
434 3524 460 3564 2.
492 3486 698 3562 Eccardjtur.
716 3521 742 3560 2.
780 3499 864 3557 Bern.
891 3517 915 3554 t.
941 3515 967 3554 2.
999 3491 1085 3553 terris
1102 3491 1191 3550 abest.
1208 3491 1303 3550 Senot.
1319 3511 1345 3550 2.
1366 3490 1486 3551 Eccard.
1504 3503 1533 3552 et
1550 3492 1612 3557 Bas.
1636 3515 1662 3560 r.

262 3609 347 3670 Rern.
359 3630 385 3668 ι.
406 3606 688 3688 primituadeleturn.
710 3605 806 3664 Guell.
822 3621 866 3662 ra.
888 3618 999 3678 magna
1012 3599 1073 3679 'spes
1081 3606 1154 3656 erat.
1173 3596 1254 3655 Leid.
1268 3617 1294 3656 c.
1311 3617 1338 3678 g.
1349 3606 1378 3655 et
1394 3614 1441 3655 sex
1454 3594 1547 3657 Cortii
1558 3608 1663 3678 mscpt.

261 3713 345 3774 Bem.
356 3735 383 3774 2.
405 3713 489 3773 Paris.
500 3713 529 3773 6.
548 3711 667 3790 petenti.
688 3711 774 3770 Palat.
789 3727 815 3788 2.
829 3707 857 3766 5.
878 3703 975 3764 Guell.
987 3703 1016 3763 6.
1037 3703 1122 3761 Paris.
1134 3721 1160 3762 c.
1178 3699 1300 3782 petendi
1311 3710 1340 3759 et
1356 3719 1442 3781 supra
1455 3701 1662 3780 obprimendoe.

263 3817 324 3883 llas.
338 3840 364 3878 t.
385 3823 456 3900 opp.
469 3818 550 3879 catil.
563 3825 659 3877 erunt.
679 3813 761 3873 Leid.
772 3833 798 3872 c.
809 3811 839 3870 d.
852 3831 880 3892 g.
889 3807 921 3873 h.
936 3828 978 3867 m.
987 3827 1018 3867 n.

342 3945 476 4030 Cap-17·
495 3945 586 4008 Iuns'r'.
605 3943 717 4004 Fabric.
738 3939 834 4000 Guelf.
850 3938 877 3997 5.
889 3937 918 3996 6.
937 3935 1008 3994 Tur.
1024 3954 1050 3992 ι.
1073 3929 1149 3992 Gaio
1162 3931 1231 3992 Tur.
1247 3953 1272 3992 1.
1291 3930 1402 4011 primos
1416 3929 1574 4010 adpellare.
1595 3929 1665 3990 Nae.
1716 3999 1721 4006 ,

244 4062 410 4133 'temptare
430 4049 499 4111 Tur.
516 4072 541 4110 ι.
561 4049 622 4109 Bas.
638 4069 663 4107 ι.
677 4067 703 4108 2.
718 4045 747 4107 3.
776 4040 910 4104 audacie
927 4039 1033 4100 inerat.
1054 4055 1155 4097 omnes
1176 4035 1257 4096 Leid.
1273 4043 1302 4094 et
1322 4035 1384 4094 Bas.
1406 4033 1491 4092 Paris.
1512 4032 1572 4092 Erl.
1593 4033 1662 4117 ng·

259 4155 327 4216 Tur.
345 4179 370 4217 r.
388 4177 414 4217 2.
435 4155 602 4215 Bern.1.a.
612 4153 641 4213 ὅ.
652 4151 681 4222 l.
701 4147 872 4209 Autrom'us.
893 4144 1043 4207 Fabrici.
1070 4139 1154 4201 Rern.
1170 4159 1196 4199 2.
1226 4137 1323 4198 Senat.
1341 4159 1366 4198 1.
1397 4135 1537 4197 Vintur.
1566 4136 1663 4204 Gnell’.

263 4283 288 4324 t.
303 4262 368 4334 ..4.
384 4261 520 4324 seces
534 4261 580 4321 ..ι
593 4253 758 4317 Aaronem
769 4255 816 4316 ..ι
830 4249 986 4312 Amorum.
1006 4245 1042 4306 r.
1058 4227 1088 4308 a
1100 4242 1216 4309 serata
1229 4241 1337 4404 surg,
1357 4238 1523 4316 oretria.
1540 4241 1621 4304 nra.
1635 4263 1662 4304 ο.
