4560 5338
1631 484 1669 532 11

267 635 410 725 notavi,
434 635 465 710 si
486 635 600 712 modo
623 635 803 712 memoria
824 636 950 740 dignae
964 659 1038 710 esse
1056 633 1302 728 videbantur3
1328 635 1543 740 (scripturae
1563 637 1668 714 enim

264 759 402 834 menda
424 759 580 834 laudare
597 758 778 863 putidum
799 761 886 856 est)
925 759 1101 855 Quarum
1118 759 1268 848 mtrltas,
1291 759 1420 848 credo,
1435 759 1590 836 seriores
1605 761 1666 836 in-

265 895 443 984 terpretes
461 883 663 987 emittent,
679 907 789 971 eum,
826 881 1130 985 quamplurimi
1158 881 1206 956 de
1234 882 1456 957 Salustianae
1485 883 1667 962 orationis

262 1005 493 1107 proprietate
505 1003 751 1107 conceperint
764 1003 1004 1106 opinionem,
1017 1004 1219 1107 exstirpata
1239 1003 1363 1078 fiterit
1389 1004 1461 1080 Sed
1474 1031 1666 1082 cumacu-

263 1127 393 1202 tissimi
419 1129 567 1217 Critici,
592 1126 734 1222 (Curtii
754 1126 865 1224 dico)
886 1127 1089 1201 auctoritas
1112 1127 1247 1229 saepius
1271 1125 1368 1202 mihi
1402 1145 1494 1204 esset
1516 1129 1666 1235 impug-

264 1250 404 1340 nanda,
423 1252 466 1325 in
484 1250 716 1353 argumentis
734 1249 977 1324 cumulandis
993 1249 1138 1323 multus
1154 1274 1229 1324 esse
1241 1250 1388 1340 malui,
1413 1277 1532 1353 quam
1551 1269 1666 1328 teme·

262 1373 383 1448 ritatis
405 1373 658 1474 suspicionem
681 1373 884 1448 incurrere.
921 1374 1052 1474 Neque
1073 1387 1225 1447 tantum
1245 1371 1347 1448 hanc
1370 1375 1420 1448 ob
1437 1401 1665 1452 causamm-

264 1496 403 1570 riantes
424 1496 601 1568 lectiones
622 1521 726 1568 eram
746 1494 993 1583 laudaturus,
1017 1495 1076 1570 uti
1096 1494 1285 1568 librorum
1301 1495 1385 1568 Mss.
1398 1498 1663 1572 auctoritatem

225 1643 230 1656 ·
263 1617 419 1694 aCortii
437 1615 662 1692 coniecturis
684 1613 945 1702 defenderem,
968 1615 1034 1688 sed
1059 1615 1181 1687 multa
1201 1616 1317 1688 etiam
1346 1616 1477 1704 attuli,
1498 1634 1543 1691 ut
1568 1619 1663 1721 quid

264 1739 312 1816 de
331 1739 488 1843 singulis
522 1738 629 1813 libris
661 1735 907 1813 statuendum
941 1735 1008 1824 sit,
1033 1735 1271 1840 intelligant,
1299 1735 1368 1838 qui
1394 1737 1485 1811 talia
1519 1757 1662 1815 curent

263 1863 393 1960 Quare
407 1861 542 1964 saepius
567 1860 742 1964 pessimas
761 1858 965 1935 verborum
982 1873 1190 1934 structuras
1218 1857 1394 1949 laudari,
1419 1859 1451 1933 si
1474 1861 1587 1936 modo
1609 1887 1664 1937 es·

261 2001 346 2062 sent
363 1985 550 2060 breviores
569 1983 752 2087 vulgatis,
778 1999 824 2057 ut
845 1979 1054 2057 Aristarchi
1079 1982 1156 2070 isti,
1183 1981 1251 2083 qui
1277 1979 1379 2056 nihil
1400 2009 1480 2058 non
1500 1985 1664 2088 amplec-

263 2123 419 2198 tuntur,
455 2107 504 2182 ad
528 2106 584 2195 id,
618 2104 723 2208 quod
743 2104 1004 2180 Salustianum
1028 2120 1186 2207 putant,
1220 2103 1374 2180 dicendi
1410 2133 1527 2208 genus
1551 2110 1663 2184 ellici-

263 2231 427 2320 endum,
448 2230 654 2320 haberent,
678 2227 817 2331 quibus
838 2228 996 2304 meliora
1028 2227 1265 2302 docerentur.
1303 2229 1386 2301 Hoc
1416 2245 1454 2304 et
1472 2231 1564 2305 alias
1587 2232 1664 2308 fac-

265 2373 348 2431 tum
366 2369 406 2433 et
429 2351 615 2457 imprimis
641 2351 684 2425 in
706 2351 963 2441 orationibus,
986 2349 1056 2425 ubi
1079 2349 1371 2425 emendatissimi
1398 2351 1504 2441 libri,
1530 2354 1665 2431 Basile-

254 2481 361 2556 .ensis
385 2477 550 2581 primus,
589 2472 902 2552 Guelferbitanus
930 2473 1108 2575 quintus,
1143 2471 1425 2548 Commelianus
1456 2490 1495 2548 et
1514 2475 1666 2552 Nazari-

266 2625 362 2676 anus
388 2597 510 2676 molta
538 2595 765 2683 omiserunt,
790 2593 931 2693 quibus
964 2593 1096 2667 deletis
1119 2593 1242 2668 omnis
1271 2595 1452 2669 orationis
1477 2597 1662 2702 elegantia

264 2723 374 2829 perit
411 2719 484 2797 Sed
509 2717 557 2795 de
586 2715 660 2790 [ide
687 2714 895 2805 Codicum,
927 2737 1022 2816 quos
1041 2713 1255 2790 accuratius
1283 2717 1514 2808 examinavi,
1547 2721 1665 2824 paulo

265 2847 367 2924 iufra
388 2842 508 2920 fusius
524 2839 711 2918 disseram
1235 2895 1239 2905 „

387 2964 580 3071 Imprimis
606 2961 702 3074 mihi
736 2983 837 3036 curae
851 3031 853 3034 .
866 2959 961 3050 firit,
994 2975 1039 3036 ut
1078 2959 1289 3064 fragmenta
1315 2961 1551 3040 emendatius
1583 2964 1669 3041 ede·

269 3108 423 3180 rentur,
447 3114 565 3192 quam
589 3083 719 3161 adhue
745 3083 890 3160 factum
913 3098 975 3160 est
1024 3085 1122 3159 Nam
1146 3084 1327 3159 Carrione
1352 3103 1524 3188 excepto,
1558 3089 1668 3163 cuius

269 3213 343 3290 hac
367 3214 409 3288 in
428 3237 468 3287 re
484 3235 632 3286 summa
661 3206 743 3280 laus
773 3221 850 3294 est,
883 3205 997 3311 ceteri
1021 3205 1181 3281 editores
1202 3203 1285 3279 hoec
1310 3203 1388 3280 fere
1413 3207 1556 3282 intacta
1581 3209 1669 3284 reli-

271 3361 395 3440 quere
432 3338 515 3438 lpse
535 3329 684 3407 Cortius
699 3326 1046 3437 remnegligentius
1068 3327 1263 3415 tractavit,
1290 3325 1470 3418 lauream,
1493 3331 1625 3421 credo,
1645 3361 1668 3408 a

272 3457 453 3534 Carrione
468 3453 542 3530 sibi
561 3465 787 3557 praereptam
806 3465 929 3541 ratus,
953 3447 1096 3524 nedum
1112 3448 1300 3550 sequiores
1312 3447 1489 3540 editores,
1510 3457 1579 3558 qui
1592 3455 1670 3532 fere

272 3581 399 3685 pueris
420 3603 576 3682 operam
606 3601 715 3649 suam
736 3570 891 3675 probari
919 3570 1115 3660 volebant,
1141 3569 1222 3646 haec
1245 3571 1398 3648 dumeta
1431 3573 1668 3676 attingerent

271 3704 409 3781 Nullus
439 3701 543 3777 enim
576 3697 646 3786 iis,
677 3720 763 3798 quae
790 3694 920 3770 Carrio
956 3693 997 3767 in
1027 3692 1296 3771 additamentis
1328 3693 1602 3770 adorationes
1632 3709 1671 3767 et

274 3825 459 3930 Epistulas
477 3851 524 3898 ex
543 3818 695 3924 optimis
718 3817 824 3892 libris
847 3815 1109 3906 adnotaverat,
1143 3841 1232 3892 usus
1249 3833 1320 3909 est;
1345 3835 1525 3922 praeterea
1547 3816 1670 3892 multa

277 3947 492 4024 adulterina
517 3969 588 4048 pro
613 3940 788 4046 genuinis
809 3937 961 4014 Salustii
982 3937 1106 4055 uerbis
1128 3936 1365 4028 habueruut,
1393 3940 1515 4015 multa
1542 3939 1674 4015 omise-

278 4085 380 4148 runt.
422 4069 552 4167 Quare
563 4064 692 4144 omnia
704 4078 875 4138 veterum
888 4061 1256 4150 Grammaticorum,
1271 4062 1522 4164 interpretum
1539 4076 1578 4141 et
1588 4058 1676 4136 rhe-

279 4211 408 4274 torum
427 4191 530 4278 loca,
554 4188 624 4263 ubi
640 4184 824 4294 Salustius
847 4182 1042 4272 laudatur,
1060 4183 1290 4273 examinavi,
1314 4209 1404 4258 eum
1421 4181 1678 4262 emendatissi-

280 4318 350 4396 mis
364 4311 621 4408 editionibus,
645 4333 732 4416 quae
753 4307 994 4416 inpromptu
1012 4321 1139 4397 erant,
1165 4306 1330 4429 contuli,
1348 4332 1426 4414 quo
1438 4307 1482 4384 in
1503 4307 1587 4386 loco
1598 4305 1676 4386 siu·
1802 4421 1805 4431 .

1230 4443 1264 4544 l(
