4582 5320
1638 472 1682 552 51

281 637 455 744 Namque
480 647 555 720 alia
576 647 669 722 belli
689 647 860 722 facinora
883 646 1021 751 praedae
1038 647 1172 752 magis,
1199 675 1318 751 quam
1339 648 1566 724 detrimento
1585 647 1689 749 sore3

252 841 256 850 ,
281 760 504 854 incendium
530 800 616 848 vero
647 771 815 861 crudele,
852 769 1145 845 immoderatum
1167 798 1212 845 ac
1244 773 1317 845 sibi
1338 799 1515 848 maxume
1534 774 1689 852 calami·

283 905 406 967 tosum
424 896 611 999 putabat:
636 897 782 999 quippe
800 893 863 969 cui
886 919 1015 969 omnes
1037 894 1155 998 copiae
1175 895 1217 968 in
1238 921 1310 970 usu
1328 897 1520 972 cotidiano
1550 914 1589 975 et
1607 898 1690 975 cul·

285 1030 329 1091 tu
353 1019 521 1123 corporis
540 1037 659 1095 erant„
695 1023 783 1094 Post
805 1045 896 1095 eum
923 1018 1026 1093 diem
1046 1017 1206 1122 quidam
1232 1021 1272 1094 L
1295 1021 1530 1124 Tarquinius
1552 1022 1603 1098 ad
1624 1024 1688 1100 Se·

283 1155 420 1215 natum
436 1142 624 1218 adductus
642 1159 738 1233 erat,
764 1169 879 1246 quem
902 1141 953 1217 ad
971 1141 1177 1218 Catilinam
1193 1143 1495 1247 proficiscentem
1510 1171 1557 1220 ex
1575 1145 1687 1221 itine-

263 1264 322 1338 ¹re
345 1280 552 1339 retractum
574 1267 736 1341 aiebant
782 1271 835 1355 Is,
865 1291 988 1370 quum
1006 1291 1045 1340 se
1064 1266 1207 1342 diceret
1233 1267 1496 1344 indicaturum
1526 1269 1574 1344 de
1595 1295 1687 1344 con·

283 1384 490 1477 iuratione,
514 1390 545 1464 si
565 1389 655 1465 fides
679 1390 835 1495 publica
859 1392 947 1465 data
974 1407 1084 1480 esset,
1109 1390 1229 1466 iussus
1253 1418 1275 1465 a
1304 1393 1487 1481 Consule,
1511 1417 1599 1494 quae
1616 1393 1687 1468 sci·

285 1525 361 1600 ret,
386 1511 555 1588 edicere:
589 1514 721 1590 eadem
738 1514 834 1603 fere,
862 1537 947 1616 quae
969 1513 1214 1602 Volturcius,
1243 1513 1290 1588 de
1310 1515 1451 1617 paratis
1477 1513 1685 1608 incendiis,

281 1631 330 1708 de
354 1635 453 1710 coede
473 1637 683 1726 bonorum,
707 1637 754 1712 de
779 1637 914 1711 itinere
940 1635 1110 1712 hostium
1134 1638 1318 1711 Senatum
1343 1635 1477 1711 docet:
1503 1653 1686 1741 preterea

281 1783 320 1832 se
340 1757 496 1832 missum
513 1783 535 1832 a
554 1761 605 1833 M
631 1763 779 1861 crasso,
806 1759 873 1861 qui
902 1759 1077 1835 Catilinae
1101 1758 1322 1848 nunciaret,
1356 1785 1407 1835 ne
1428 1786 1519 1837 eum
1543 1763 1686 1838 Lentu·

283 1880 340 1956 lus
355 1897 393 1957 et
406 1881 608 1988 Cethegus,
634 1883 777 1986 aliique
796 1909 842 1956 ex
865 1882 1132 1957 coniuratione
1153 1879 1379 1986 deprehensi
1398 1899 1582 1958 terrerent
1589 1917 1600 1978 ;
1624 1912 1686 1961 eo·

282 2031 357 2108 que
379 2007 495 2110 magis
519 2021 740 2110 properaret
760 2005 809 2079 ad
832 2005 967 2080 urbem
987 2005 1181 2093 accedere,
1207 2031 1285 2105 quo
1307 2020 1346 2079 et
1367 2022 1580 2082 ceterorum
1601 2007 1685 2082 ani·

284 2154 362 2203 mos
379 2127 564 2217 reficeret,
588 2145 627 2203 et
648 2126 709 2201 illi
729 2127 878 2202 facilius
898 2155 919 2203 e
939 2127 1110 2230 periculo
1135 2127 1381 2230 eriperentur.
1418 2129 1491 2203 Sed
1511 2130 1685 2206 ubiTar·

282 2251 437 2354 qninius
461 2255 635 2328 Crassum
661 2251 894 2339 nominavit,
929 2246 1127 2324 hominem
1158 2249 1351 2339 nobilem,
1377 2251 1564 2329 maxumis
1588 2252 1684 2328 divi-

283 2375 359 2464 tiis,
383 2401 531 2451 summa
550 2375 743 2479 potentia3
774 2374 858 2462 alii,
892 2399 974 2448 rem
1004 2369 1269 2447 incredibilem
1294 2373 1392 2468 rati;
1426 2400 1513 2478 pars
1537 2378 1685 2454 tametsi

283 2527 413 2575 verum
443 2500 747 2585 existumabant,
781 2513 907 2584 tamen
939 2494 1031 2596 quia
1057 2493 1099 2566 in
1126 2493 1195 2567 tali
1219 2510 1387 2596 tempore
1409 2513 1515 2572 tanta
1542 2499 1595 2574 vis
1615 2497 1686 2588 bo-

282 2624 395 2701 minis
414 2623 531 2729 magis
555 2622 740 2700 leniunda
761 2645 879 2722 quam
900 2614 1124 2721 exagitanda
1140 2615 1360 2711 videbatur3
1382 2617 1557 2722 plerique
1579 2624 1685 2698 Cras·

283 2775 322 2824 so
339 2775 385 2824 ex
400 2749 558 2854 negotiis
574 2747 729 2852 privatis
751 2742 908 2819 obnoxii
940 2739 1204 2828 conclamant,
1231 2739 1398 2814 indicem
1427 2740 1566 2818 falsum
1592 2770 1685 2836 esse,

284 2950 425 2991 novarum
439 2930 579 2990 meliores.
600 2927 724 3008 agitare.
744 2924 805 2983 Bas
817 2928 845 2986 3.
865 2920 1029 3002 agitabant.
1049 2917 1134 2979 Febr.
1146 2940 1175 2980 a.
1195 2917 1293 2978 Guelf.
1312 2920 1341 2980 6.
1362 2919 1481 2983 Leide.
1501 2923 1608 2984 calam.
1627 2945 1686 3005 pu-

284 3037 394 3095 tabunt.
415 3035 500 3094 Fabr.
512 3055 539 3093 2.
559 3034 659 3104 baud.
680 3030 841 3091 cotidiano.
863 3027 925 3086 Bas.
939 3047 964 3091 ι.
984 3025 1054 3084 Τιιι.
1071 3045 1098 3084 2.
1120 3027 1267 3086 mldaectus
1283 3022 1486 3086 ausorum.
1506 3027 1558 3089 Ac.
1578 3029 1640 3089 Bas.
1659 3053 1685 3090 ι.

283 3145 506 3204 daturum-as.
527 3138 613 3198 Fabr.
629 3157 655 3196 ι.
682 3138 787 3195 dream
800 3141 874 3194 erat.
895 3131 957 3190 Bas.
971 3129 1000 3192 3.
1020 3131 1159 3194 addest.
1178 3131 1238 3190 inc.
1253 3150 1278 3188 1.
1298 3129 1395 3189 Gusts.
1408 3153 1436 3210 7.
1456 3131 1538 3191 Leid.
1551 3135 1571 3192 l.
1584 3132 1616 3191 b.
1647 3154 1685 3194 ea

284 3248 386 3306 itinere
402 3265 470 3305 eum
483 3246 582 3303 locum
603 3251 695 3300 mutet
711 3242 743 3298 in
753 3229 814 3297 Bas.
830 3237 859 3297 3.
887 3233 976 3295 dead.
988 3235 1119 3312 aliisque,
1132 3253 1188 3314 pro
1204 3237 1296 3314 glossa
1310 3231 1414 3293 babuit
1427 3233 1552 3295 Cottius.
1572 3236 1686 3300 adiuero

285 3363 377 3434 uterq.
398 3349 483 3410 Febr.
503 3348 571 3406 Vin.
591 3349 658 3404 Seu.
680 3346 738 3404 inc.
750 3365 777 3402 ι.
798 3343 885 3401 lleus.
915 3339 1013 3396 Guell.
1028 3357 1055 3395 a.
1067 3337 1095 3396 3.
1108 3338 1137 3407 4.
1154 3358 1198 3396 ιο.
1214 3357 1259 3395 ιι.
1280 3357 1325 3396 ιι.
1353 3335 1414 3396 Bas.
1432 3359 1456 3396 ι.
1473 3357 1500 3397 a.
1519 3341 1590 3410 Η.
1616 3340 1686 3402 Tur.

290 3477 315 3514 ι.
329 3478 355 3516 2.
377 3455 460 3526 Bern.
479 3477 505 3512 ι.
522 3473 548 3512 ι.
580 3451 677 3512 dicere
697 3467 799 3507 omnes
814 3444 931 3502 Gruteri
946 3452 975 3500 et
993 3452 1119 3521 quatuor
1135 3441 1237 3500 Wassii
1252 3441 1330 3500 libri.
1351 3443 1452 3502 stood
1480 3441 1579 3504 Gucll.
1591 3465 1620 3526 9.
1638 3466 1686 3508 ιο.

289 3581 333 3619 ιι.
352 3580 396 3624 ιι.
417 3560 476 3620 inc.
491 3581 518 3618 a.
531 3568 558 3616 el
576 3577 600 3620 ι.
622 3575 663 3612 m.
673 3573 718 3632 pr.
739 3549 819 3613 Leid.
832 3571 858 3607 a.
873 3567 899 3606 ο.
914 3547 973 3627 Cg.
985 3543 1016 3604 b.
1032 3566 1072 3602 m.
1092 3543 1161 3603 Tur.
1175 3565 1202 3608 ι.
1231 3545 1317 3605 ‘loca
1342 3565 1446 3606 omnes
1461 3545 1578 3609 Gruteri
1587 3589 1599 3621 ‚
1614 3554 1687 3630 plu·

286 3686 329 3725 res
340 3665 457 3736 Wauii,
478 3663 564 3723 ceteri
578 3679 689 3721 omnes.
711 3653 850 3714 Lentulus
864 3660 950 3729 atqrte
968 3645 1101 3709 Cethcius
1120 3647 1204 3709 llem.
1220 3669 1247 3709 2.
1268 3648 1318 3715 Ae.
1340 3649 1480 3712 [cntqut
1492 3649 1601 3711 Cethci.
1613 3653 1685 3712 Feb.

289 3791 315 3835 ι.
330 3770 435 3834 Basa.
463 3769 547 3828 Rem.
566 3788 591 3824 ι.
619 3773 646 3824 et
662 3761 734 3834 alii.¹
753 3757 850 3818 Gueli.
863 3761 890 3820 3.
914 3774 952 3814 ne
973 3774 1049 3812 erun.
1079 3773 1219 3834 pronom.
1236 3757 1335 3814 locum
1354 3765 1448 3814 mutat
1466 3757 1497 3813 in
1512 3757 1572 3815 inc.
1595 3775 1621 3815 ι.
1650 3777 1685 3816 eo

182 3939 189 3950 ,
285 3874 388 3954 magis.
408 3873 505 3932 Guell.
520 3891 546 3933 ι.
568 3871 610 3928 ad
623 3869 723 3927 urbem
750 3865 801 3924 Ae.
819 3863 905 3936 Rern.
918 3880 946 3923 ι.
967 3857 1064 3918 Guell'.
1076 3851 1106 3917 ¹5.
1117 3858 1147 3916 6.
1163 3839 1237 3935 ¹pars
1253 3858 1388 3918 tamensi.
1407 3856 1458 3923 Ac.
1479 3877 1519 3916 ιιι.
1530 3878 1576 3938 pr.
1598 3869 1685 3937 atque

286 3980 345 4039 etsi.
366 3977 463 4038 Gueli.
479 3965 524 4035 re.
550 3994 622 4055 pars
633 3972 694 4032 etsi.
713 3969 826 4029 Fabrlc.
839 3987 867 4026 a.
896 3963 990 4044 magis
1007 3963 1158 4022 leniunda.
1186 3961 1281 4040 magr‘e
1296 3981 1357 4022 οιιι.
1373 3960 1486 4021 Fabrie.
1505 3982 1530 4026 ι.
1550 3960 1635 4027 ch.
1654 3963 1683 4024 3.

289 4103 315 4148 ι.
335 4103 374 4148 ιιι,
392 4102 437 4166 pr.
463 4057 533 4139 Tur.
552 4099 579 4138 ι.
600 4078 656 4136 len.
674 4073 776 4152 magis.
802 4074 897 4151 plnres
911 4069 988 4128 libri.
1008 4067 1124 4144 salutm
1141 4085 1208 4128 este.
1228 4085 1286 4125 etse
1306 4064 1528 4128 om.Gue1t.3.
1557 4063 1638 4125 Leid.
1653 4067 1683 4128 b.

288 4187 466 4264 essesalsum
485 4183 555 4242 Tur.
573 4201 599 4241 2.
623 4179 739 4258 salsum
754 4175 852 4236 adteri
870 4173 966 4234 Gucll'.
979 4193 1007 4253 7.
1029 4171 1145 4251 salswn
1159 4169 1323 4230 ειιουίιίοιὶ
1341 4165 1408 4229 Ecc.
1428 4168 1558 4232 recrevit
1586 4170 1684 4234 Gutll.

1273 4295 1298 4352 ἧς
