4582 5320
663 401 731 478 128

657 575 821 664 iusserit,
846 567 1070 654 decreverit,
1091 559 1276 638 voluerit.
1301 556 1418 661 magis
1436 553 1523 630 odio
1544 549 1769 637 nobilitatis,
1795 547 1859 624 cui
1885 545 1985 622 mala
2013 548 2060 622 il·

657 702 695 776 la
723 697 978 804 parabantur,
1002 715 1121 793 quam
1138 711 1230 760 cura
1256 679 1497 786 reipublicae3
1523 691 1630 750 tanta
1658 673 1829 749 lubido
1818 701 1859 748 1n
1887 673 2061 777 partibus

658 839 750 900 erat.
797 819 920 924 Igitur
945 813 1075 889 ceteris
1097 825 1203 885 metu
1227 805 1424 911 perculsis,
1447 803 1498 876 M
1529 801 1714 887 Scaurus,
1738 825 1855 914 quem
1894 799 2062 904 legatum

660 944 788 1022 bestioe
811 967 925 1045 supra
954 935 1169 1023 docuimus,
1194 932 1294 1006 inter
1320 925 1493 1003 laetitiam
1516 923 1638 1028 plebis
1669 937 1708 998 et
1731 946 1888 998 suorum
1916 923 2063 1028 fugam,

663 1067 811 1188 trepida
834 1065 950 1140 etiam
973 1077 1057 1136 tum
1073 1057 1243 1143 civitate,
1269 1079 1392 1192 quum
1410 1077 1457 1124 ex
1473 1047 1622 1122 Mamili
1646 1044 1841 1148 rogatione
1866 1064 1939 1123 tres
1962 1075 2063 1152 quae-

662 1193 792 1274 sitores
813 1201 1055 1292 rogarentur,
1080 1181 1271 1267 effecerat,
1288 1176 1346 1250 uti
1365 1175 1443 1278 ipse
1463 1172 1506 1247 in
1520 1199 1565 1246 eo
1581 1196 1743 1246 numero
1768 1187 1966 1246 crearetur.
1994 1174 2065 1249 Sed

663 1313 823 1420 quaestio
865 1309 1067 1386 exercitata
1101 1329 1230 1407 aspere
1262 1299 1522 1400 violenterque
1555 1321 1602 1371 ex
1630 1319 1784 1370 rumore
1817 1311 1854 1368 et
1891 1272 2066 1388 lubidine

663 1436 805 1544 plebis3
829 1451 875 1509 ut
892 1457 988 1536 saepe
1004 1427 1267 1514 nobilitatem,
1284 1423 1337 1498 sie
1361 1448 1405 1496 ea
1422 1434 1641 1524 tempestate
1658 1417 1810 1521 plebem
1828 1446 1873 1494 ex
1893 1422 2066 1497 secundis

616 1579 652 1649 41
667 1560 779 1637 rebus
804 1554 1011 1634 insolentia
1038 1566 1200 1657 ceperat.
1251 1550 1428 1623 Ceterum
1459 1569 1539 1618 mos
1561 1541 1732 1646 partium
1755 1543 2002 1644 popularium
2031 1563 2068 1620 et

666 1684 796 1760 Senati
829 1679 1063 1767 factionum,
1093 1701 1138 1750 ao
1169 1672 1308 1748 deinde
1341 1670 1516 1745 omnium
1548 1665 1739 1741 molarum
1772 1667 1914 1742 artium
1939 1671 2068 1773 paucis

667 1803 878 1881 anteannis
897 1781 1026 1875 llomae
1042 1815 1147 1872 ortus
1168 1813 1244 1884 est,
1271 1795 1349 1869 otio
1374 1810 1489 1896 atque
1509 1791 1749 1866 abundantia
1768 1817 1901 1866 earum
1920 1818 2045 1866 rerum

548 1913 551 1920 ¹
670 1954 756 2031 quae
789 1926 914 2032 prima
943 1922 1119 1997 mortales
1150 1919 1309 1992 ducunt
1359 1919 1457 1992 Nam
1494 1933 1583 1990 ante
1609 1912 1879 2017 Carthaginem
1906 1871 2068 1992 deletani

626 2049 835 2164 populus
851 2064 889 2123 et
912 2048 1070 2121 Senatus
1096 2043 1289 2116 Romanus
1307 2039 1458 2145 placide
1480 2038 1755 2142 modesteque
1743 2055 1845 2114 mter
1860 2065 1898 2116 se
1918 2067 2072 2145 rempu-

668 2174 812 2250 blicam
843 2169 1080 2244 tractabant.
1116 2191 1241 2266 neque
1273 2163 1403 2268 gloriae
1431 2189 1555 2266 neque
1579 2161 1850 2238 dominationis
1880 2181 2068 2240 certamen

671 2299 774 2372 inter
789 2293 879 2370 civis
896 2308 993 2368 erat:
1010 2306 1132 2365 metus
1148 2287 1319 2362 hostilis
1309 2315 1352 2363 1n
1367 2287 1478 2362 bonis
1502 2287 1648 2362 artibus
1667 2285 1858 2361 civitatem
1875 2289 2070 2364 retinebat

672 2418 746 2496 Sed
766 2417 834 2492 ubi
859 2417 926 2491 illa
956 2413 1121 2490 formido
1152 2411 1345 2488 mentibus
1373 2409 1562 2505 discessit3
1583 2410 1728 2486 scilicet
1746 2435 1811 2500 ea,
1839 2436 1926 2513 quae
1944 2438 2000 2488 res
2019 2439 2074 2488 sa-

672 2541 810 2618 cundae
841 2555 990 2628 amant,
1018 2535 1169 2612 lascivia
1201 2551 1317 2636 atque
1348 2533 1526 2637 superbia
1554 2534 1742 2610 incessere.
1798 2536 1880 2626 Ita,
1905 2535 2009 2639 quod
2030 2536 2073 2612 in

667 2663 837 2741 ,advorsis
851 2661 965 2738 rebus
982 2673 1222 2766 optaverant,
1240 2657 1388 2748 otium,
1405 2673 1609 2762 postquam
1628 2657 1757 2763 adepti
1775 2675 1882 2750 sunt,
1909 2661 2076 2765 asperius

669 2870 734 2928 inc.
754 2869 854 2931 Franc.
877 2865 959 2924 Leid.
972 2865 1002 2928 t.
1023 2861 1171 2926 Commcl.
1199 2863 1308 2942 aliique
1324 2881 1359 2921 ex
1374 2861 1461 2921 Palat.
1482 2863 1581 2942 plures
1596 2861 1710 2923 Wassii.
1731 2859 1798 2946 Teg.
1818 2862 1888 2924 Tur.
1920 2866 2080 2927 decreverit

673 2969 799 3032 volucrit
819 2989 880 3028 orn.
901 2967 969 3028 vin.
983 2987 1010 3025 a.
1030 2966 1081 3028 Ac.
1099 2967 1208 3030 Sena.
1230 2966 1329 3025 lleuss.
1350 2967 1409 3026 inc.
1425 2987 1450 3026 t.
1471 2965 1551 3027 vat.
1563 2985 1590 3025 2.
1618 2965 1714 3031 Guell.
1727 2967 1756 3029 3.
1770 2990 1799 3049 9.
1825 2970 1907 3029 Laid.
1920 2991 1946 3030 a.
1973 2969 2076 3042 Basa.

675 3075 809 3155 B.supra
830 3073 951 3152 (omisso
958 3071 1068 3150 fiebat)
1095 3070 1157 3130 Bas.
1176 3091 1201 3130 t.
1224 3089 1337 3156 ηιμ..
1350 3070 1454 3134 Franc.
1473 3071 1575 3130 insert.
1592 3092 1617 3130 1.
1639 3070 1737 3132 Guell.
1749 3073 1779 3143 3.
1798 3073 1886 3134 Paris.
1898 3096 1925 3134 a.
1948 3073 2033 3136 Bam.
2046 3075 2077 3136 3.

674 3178 828 3242 docuimus
847 3177 908 3242 Bas.
926 3199 951 3238 1.
965 3175 993 3248 6.
1022 3175 1103 3237 Febr.
1130 3175 1197 3235 sen.
1217 3173 1285 3236 Ecc.
1313 3174 1363 3236 Ac.
1384 3174 1452 3236 Vin.
1469 3197 1493 3240 ι.
1511 3175 1581 3234 Tur.
1604 3175 1703 3235 lleuss.
1724 3175 1808 3236 llam.
1820 3197 1847 3242 a.
1870 3177 2009 3239 Gucll.1.
2029 3200 2078 3239 ro.

674 3283 756 3344 Laid.
767 3282 797 3346 b.
806 3283 836 3341 d.
851 3305 877 3342 o.
892 3285 912 3342 f.
925 3280 956 3342 h.
968 3284 988 3340 i.
1004 3281 1031 3340 k.
1045 3284 1066 3342 l.
1079 3301 1110 3340 n.
1131 3281 1261 3363 quinque
1273 3281 1386 3343 Wassii.
1407 3281 1538 3362 quinque
1550 3277 1635 3338 Paris.
1655 3279 1785 3340 diatmu
1804 3281 1862 3340 inc.
1877 3302 1904 3341 t.
1924 3281 2004 3342 Leid.
2012 3305 2039 3348 a.
2047 3305 2077 3366 g.

676 3387 710 3449 B.
726 3387 796 3445 Pub.
816 3385 901 3445 Rern.
915 3388 944 3448 3.
967 3387 1188 3448 memoravimus
1207 3384 1339 3466 plurimi.
1370 3383 1501 3444 Marnilli
1515 3405 1579 3463 rog.
1605 3385 1727 3464 plurimi
1751 3383 1828 3444 libri.
1857 3384 1989 3447 Mamttii
2013 3387 2077 3447 llas.

678 3490 707 3561 d.
728 3489 813 3550 Bora.
824 3489 854 3548 3.
880 3488 1072 3550 lllorriliialii.
1091 3489 1229 3550 Mamilio
1253 3489 1321 3550 Son.
1335 3511 1361 3554 ι.
1382 3488 1501 3568 quaestio
1529 3487 1928 3562 vinar.Fabnc.Bu.1.t.
1953 3493 2074 3554 senatr
2148 3471 2157 3487 .

677 3593 799 3655 Roma.
819 3591 913 3654 Struv.
934 3595 994 3652 inc.
1007 3613 1035 3652 a.
1056 3593 1153 3654 Guelf.
1168 3615 1192 3654 ι.
1204 3613 1231 3653 a.
1242 3597 1270 3654 3.
1282 3593 1311 3665 d.
1330 3593 1449 3654 laida.
1469 3592 1539 3653 Tur.
1559 3592 1643 3658 llcrn.
1656 3593 1684 3654 3.
1705 3594 1861 3672 quastione
1873 3607 1956 3656 autea
1964 3597 2077 3658 editum

677 3700 743 3760 tuit.
762 3695 924 3757 exercitata
942 3696 1043 3756 Vinar.
1063 3719 1089 3758 t.
1112 3697 1192 3759 Vrat.
1207 3695 1237 3756 3.
1267 3691 1358 3757 lut
1377 3697 1474 3761 Sonat.
1488 3718 1515 3762 a.
1535 3696 1597 3758 Bas.
1607 3697 1635 3769 d.
1656 3697 1741 3757 Rern.
1754 3719 1780 3758 1.
1802 3699 1901 3760 Heuss.
1923 3699 2035 3766 Fabric.
2049 3723 2077 3760 a.

677 3805 774 3866 Stmv.
794 3801 878 3862 Rem.
895 3823 920 3866 t.
941 3800 1045 3861 Franc.
1067 3800 1164 3860 Gucll.
1180 3821 1210 3881 9.
1226 3821 1270 3860 to.
1288 3821 1332 3861 tt.
1346 3821 1392 3860 ta.
1412 3799 1527 3866 [cido.
1542 3801 1642 3866 def.
1657 3823 1685 3884 g.
1699 3801 1730 3864 b.
1743 3803 1764 3862 i.
1778 3803 1806 3863 lt.
1827 3815 1895 3864 octo
1904 3805 2017 3866 Waasii.
2037 3814 2081 3867 cst

679 3908 794 3970 addunt
806 3907 876 3970 Vin.
891 3926 920 3966 2.
940 3907 1037 3971 saur.
1054 3908 1114 3966 inc.
1125 3925 1153 3966 a.
1172 3903 1285 3966 Fabric.
1301 3925 1329 3965 a.
1349 3925 1387 3966 ss
1398 3923 1480 3968 moro
1493 3915 1536 3967 ast
1550 3906 1631 3966 libid.
1653 3904 1735 3968 Fabr.
1753 3927 1781 3968 2.
1802 3909 1877 3989 oepit
1896 3908 1958 3970 Bas.
1969 3909 2000 3982 l.

625 4089 627 4094 .
686 4055 689 4062 ·
760 4025 901 4116 Capit.
922 4043 949 4093 et
966 4031 1152 4112 Senatsoct.
1172 4031 1241 4093 Seu.
1262 4053 1323 4093 om.
1335 4033 1435 4096 Narar.
1461 4037 1494 4095 in
1506 4033 1653 4102 Commcl.
1668 4047 1696 4096 et
1713 4035 1800 4096 Palat.
1812 4057 1839 4098 a.
1868 4059 1958 4101 manu
1972 4044 2082 4102 rsosnh'

681 4139 826 4201 additum.
846 4148 876 4198 st
890 4159 950 4198 om.
964 4137 1056 4215 'Palat
1069 4135 1099 4198 3.
1127 4147 1209 4199 ortus
1222 4147 1272 4199 est.
1293 4149 1334 4200 est
1353 4159 1414 4200 om.
1440 4138 1596 4202 Fabric'a.
1626 4139 1722 4201 Guell'.
1737 4139 1767 4200 3.
1794 4140 1854 4203 otio
1868 4151 1956 4221 atqua
1973 4143 2036 4206 Bas.
2053 4167 2082 4208 s.

593 4277 602 4294 ι
681 4243 751 4306 Tur.
768 4243 855 4313 sem,
872 4247 941 4308 st.
959 4243 1043 4311 Leia.
1061 4243 1184 4312 Harorc.
1202 4261 1415 4310 eorumrerum
1432 4246 1567 4333 plerique
1583 4243 1661 4310 thri.
1687 4265 1791 4309 sam
1805 4257 1865 4312 om.
1881 4246 1962 4310 Laid.
1978 4253 1999 4311 Ι.
2016 4269 2082 4313 aar.
