4570 5316
1632 369 1701 445 165

300 567 414 646 super
429 567 599 647 aggerem
619 541 802 646 impositis
823 542 993 619 turribus
1005 571 1100 648 opus
1115 546 1164 620 ad
1184 547 1374 624 ministros
1395 549 1521 624 tutari.
1561 541 1702 624 Contra

296 663 383 764 ,haec
394 665 577 769 oppidani
597 664 790 755 festinare,
804 693 954 769 parare:
973 694 1126 772 prorsus
1143 670 1192 744 ab
1207 672 1379 774 utrisque
1396 670 1496 746 nihil
1511 672 1704 775 reliquum
1803 759 1808 769 ⁸

302 789 392 864 fieri.
442 790 623 890 Denique
649 791 835 879 Romani,
870 789 993 884 multo
1028 808 1118 866 ante
1143 792 1513 897 laborepraeliisque
1534 794 1703 899 fatigati,

301 928 387 1016 post
407 911 485 986 dies
502 911 756 1014 quadraginta
774 939 897 1014 quam
911 939 955 988 eo
975 931 1133 988 rentum
1150 933 1248 1006 erat,
1269 919 1410 1020 oppido
1431 917 1544 992 modo
1568 917 1704 1020 potiti:

300 1035 428 1138 proeda
447 1037 570 1110 omnis
597 1035 645 1108 ab
665 1035 832 1140 perfugis
858 1054 1051 1142 corrupta.
1076 1039 1114 1122 ‚li
1135 1056 1337 1143 postquam
1355 1068 1512 1115 murum
1525 1041 1705 1114 arietibus

301 1159 407 1235 feriri
426 1184 559 1261 resque
576 1184 665 1232 suas.
677 1158 851 1235 adflictas
867 1160 1018 1252 vident,
1041 1175 1180 1239 aurum
1199 1179 1314 1267 atque
1330 1180 1537 1268 argentum·
1549 1178 1586 1237 et
1607 1161 1705 1250 alia,

303 1307 389 1384 quae
414 1282 539 1384 prima
570 1280 788 1372 ducuntur,
818 1283 978 1358 domum
1006 1285 1147 1388 regiam
1170 1299 1442 1388 comportant:
1467 1286 1521 1360 ibi
1548 1280 1706 1364 'vino-et
1827 1335 1832 1346 ·

302 1404 424 1508 epulis
454 1405 627 1495 onerati,
650 1405 810 1507 illaque,
833 1424 872 1482 et
907 1406 1086 1518 domum,
1114 1425 1153 1483 et
1182 1425 1298 1484 semet
1326 1409 1405 1514 igni
1434 1423 1706 1510 corrumpunt;

303 1543 342 1604 et
366 1553 460 1630 quas
477 1528 567 1614 victi
593 1527 642 1602 ab
659 1525 835 1618 hostibus.
848 1556 983 1635 poenas
1003 1547 1237 1623 metuerant,
1269 1557 1330 1608 eas
1352 1532 1423 1636 ipsi
1447 1532 1617 1608 volentes
1640 1556 1707 1634 pe·

303 1652 481 1754 pendere.
514 1650 586 1726 Sed
605 1651 750 1754 pariter
770 1678 860 1727 cum
882 1669 994 1759 capta
1016 1653 1137 1728 Thala
1164 1654 1276 1760 legati
1300 1682 1346 1730 ex
1368 1654 1512 1759 oppido
1523 1652 1634 1757 Lepti
1655 1652 1752 1728 ad77

303 1773 502 1850 Metellum
519 1791 720 1865 venerant,
745 1792 910 1866 orantes,
926 1777 984 1850 uti
1008 1777 1226 1880 praesidium
1238 1777 1600 1882 praefectumqueeo
1617 1775 1706 1850 mit-
1800 1834 1803 1843 ,

306 1913 422 1992 teret;
442 1896 699 1972 Hamilcarem
719 1898 942 1999 quemdam,
967 1896 1166 1974 hominem
1182 1901 1369 1992 nobilem,
1393 1901 1610 1988 factiosum,
1638 1924 1709 1973 no-

188 2053 189 2058 *
304 2021 358 2096 ris
388 2021 501 2096 rebus
526 2020 698 2114 studere;
732 2019 933 2095 advorsum
954 2046 1070 2122 quom
1093 2021 1398 2123 nequeimperia
1417 2024 1709 2126 magistratuum

305 2169 430 2246 neque
454 2143 550 2249 leges
583 2143 776 2219 valerent:
803 2143 844 2217 ni
864 2142 906 2218 id
929 2142 1139 2233 festinaret,
1175 2143 1217 2218 in
1236 2169 1387 2219 summo
1407 2144 1579 2249 periculo
1601 2169 1710 2218 suam

221 2345 223 2348 .
304 2267 481 2372 salutem,
511 2267 668 2342 illorum
689 2267 812 2341 socios
829 2265 917 2342 fore.
961 2268 1059 2340 Nam
1080 2266 1273 2369 Leptitani
1299 2268 1379 2342 iam
1402 2267 1500 2341 inde
1514 2289 1539 2339 a
1566 2265 1744 2368 princi-·

306 2390 371 2495 pio
393 2387 488 2464 belli
506 2385 727 2491 Iugurthini
749 2388 801 2464 ad
821 2389 980 2462 Bestiam
995 2389 1190 2464 consulem
1212 2405 1251 2463 et
1269 2405 1396 2492 postea
1422 2390 1582 2462 Romam
1603 2388 1712 2462 mise-

306 2528 412 2604 rant,
437 2512 646 2587 amicitiam
665 2510 956 2612 societatemque
971 2525 1155 2613 rogatum.
1190 2511 1341 2586 Deinde
1352 2568 1367 2600 ‚.
1386 2510 1455 2584 ubi
1475 2536 1517 2584 ea
1535 2511 1714 2611 impetra-

307 2653 345 2712 ta
363 2694 378 2727 ,.
396 2661 543 2740 semper
569 2633 664 2710 boni
695 2632 899 2736 fidelesque
922 2659 1091 2708 mansere
1115 2649 1153 2706 et
1180 2648 1319 2705 cuncta
1349 2659 1373 2704 a
1401 2631 1538 2719 Bestia,
1570 2631 1712 2708 Albino

307 2859 503 2922 eosaggtrem
512 2838 608 2899 iacere
628 2859 730 2898 ornnes
750 2839 807 2898 fere
831 2835 909 2897 libri.
938 2837 1086 2914 subterth
1106 2853 1156 2896 eos
1182 2833 1281 2895 Guell.
1296 2837 1324 2897 3.
1345 2851 1542 2914 superansque
1568 2830 1664 2891 Guell.
1686 2851 1716 2892 ι..

306 2946 408 3006 llinar.
422 2967 447 3003 r.
466 2963 610 3025 superans
629 2942 726 3003 Guell.
738 2944 767 3008 6.
788 2963 836 3002 eoa
851 2963 911 3001 om.
931 2941 1071 3004 Sonam.
1091 2939 1192 2999 lleuss.
1219 2957 1274 3018 que
1291 2958 1352 2997 om.
1370 2937 1450 2996 Leid'.
1468 2959 1507 2996 m.
1535 2956 1620 3014 uapor
1650 2957 1717 2997 om..

233 3035 237 3044 ⁸
308 3071 384 3110 unus
397 3051 523 3130 Popmar.
543 3047 752 3108 maltrmssanu
772 3047 870 3108 laboro
889 3047 1004 3108 Vratisl.
1022 3066 1047 3104 ι.
1067 3043 1301 3127 oppidi'Vratisl.
1317 3043 1346 3108 3.
1360 3043 1457 3102 'modo
1477 3062 1538 3105 om.
1559 3023 1672 3100 F'abrie.
1684 3061 1711 3105 a.

308 3153 388 3218 Vrat.
404 3174 429 3213 1.
451 3152 546 3213 G'nelf.
564 3173 591 3213 r.
612 3153 649 3210 ab
662 3153 794 3232 perfugis
812 3151 913 3213 Vinar.
936 3150 1081 3212 Febrim.
1101 3151 1198 3209 Sonat.
1211 3169 1235 3207 ι.
1257 3148 1324 3208 Eoo.
1350 3146 1451 3207 Guell.
1466 3168 1489 3205 ι.
1503 3148 1531 3217 Δ.
1544 3168 1572 3226 7.
1604 3145 1714 3226 lu‘post

309 3278 400 3336 quom
425 3256 522 3318 Turio.
552 3258 614 3317 Bas.
630 3259 658 3328 l.
679 3257 764 3316 Beru.
780 3255 809 3320 3.
837 3275 945 3314 aurum
973 3261 1130 3332 argentum
1158 3252 1278 3312 Gruteri
1303 3250 1387 3315 libri..
1411 3270 1517 3310 aarum
1537 3260 1625 3330 atque
1645 3271 1711 3329 arg.

308 3361 371 3422 Bas.
388 3385 413 3422 r.
424 3363 454 3434 4.
474 3363 592 3428 Fabric.
606 3364 709 3426 iucert.
736 3361 820 3420 Bem.
833 3360 862 3421 3.
881 3360 979 3418 Turio.
1000 3357 1137 3422 Wassius.
1158 3375 1223 3416 nur.
1240 3365 1267 3416 et
1282 3377 1347 3435 arg.
1369 3355 1466 3415 Guoll.
1477 3356 1505 3414 6.
1520 3376 1565 3415 ιο.
1588 3374 1719 3414 aurum--

310 3489 364 3547 qua
385 3476 413 3526 et
438 3487 504 3547 arg.
532 3466 665 3533 Bern.1·.
694 3471 987 3542 ornamentumque
1006 3463 1112 3541 vulgo..
1128 3478 1182 3538 qut
1204 3463 1416 3522 locum-mutat
1430 3462 1461 3518 iu
1481 3470 1607 3540 quatuor
1625 3459 1714 3522 War-

310 3576 345 3632 sii
359 3570 454 3638 libris..
470 3579 636 3632 maluerant·
654 3571 745 3630 Beru..
758 3591 783 3628 1.
805 3568 867 3632 llas.
888 3589 913 3626 1.
930 3568 958 3637 4.
980 3568 1020 3625 ita
1039 3567 1159 3626 Harerc.
1173 3574 1203 3624 et
1217 3563 1298 3624 Laid.
1315 3565 1449 3644 pendero·
1461 3562 1557 3623 eunt
1574 3563 1603 3624 3.
1618 3584 1647 3644 7.
1667 3583 1713 3622 ιο.
1804 3633 1808 3650 Ι

309 3667 423 3742 rasso.
446 3678 546 3741 vuar.
567 3678 656 3748 ,var
683 3673 764 3738 uera
778 3693 824 3733 m.
848 3671 989 3734 unua
1010 3651 1460 3734 earn.1.‚tnnn.2.sanu.2.
1489 3669 1595 3728 uua..
1609 3665 1713 3727 runc.

310 3787 351 3847 ita
365 3785 461 3850 voluit
474 3781 594 3842 Gruter..

345 3935 346 3946 ¹
392 3935 467 4016 Cup.
480 3958 529 4018 77.
550 3943 577 3995 rt
595 3913 715 3994 illorum
727 3931 819 3993 sooi'os
834 3927 949 3992 Fabrio.
970 3931 1029 3989 inc.
1052 3927 1149 3988 Sonat
1162 3947 1192 3986 ι..
1210 3929 1317 3987 ann.
1335 3921 1386 3983 Ar.
1405 3921 1474 4003 Τις.
1495 3918 1595 3990 llasl.
1615 3917 1713 3982 l’un‘o.

226 4045 231 4052 ’
312 4049 396 4108 Vrat.
408 4064 433 4101 1.
454 4041 521 4100 Eoo.
543 4037 680 4103 Gnatus.
691 4039 719 4098 6.
733 4059 762 4118 9.
780 4057 824 4096 ιι.
839 4054 885 4096 ιι.
905 4033 985 4094 laid.
1000 4055 1028 4116 g,
1040 4035 1060 4092 i.
1076 4033 1103 4091 k.
1124 4041 1234 4111 septem
1244 4029 1358 4091 Wassii.
1373 4035 1402 4086 tt
1416 4045 1478 4086 om.
1492 4025 1624 4082 meliores
1634 4022 1715 4083 Gru.-

314 4153 367 4216 teri
385 4161 415 4211 et
428 4146 524 4209 oeten.
546 4142 719 4221 illorumque
737 4137 818 4200 laid.
829 4162 856 4201 o.
877 4139 962 4200 bern.
977 4137 1005 4199 3.
1028 4137 1090 4196 iam
1105 4133 1177 4196 iuda
1189 4133 1320 4213 aprino.
1334 4130 1396 4189 r'om
1412 4128 1481 4187 indo
1501 4146 1561 4185 om.
1581 4126 1669 4186 Fabr.
1685 4148 1713 4189 a.

316 4257 413 4321 Gnell.
431 4273 476 4314 ιο.
497 4247 652 4327 impetrato
672 4255 740 4308 utut
759 4243 877 4306 Fabri'o.
892 4241 975 4304 leid.
988 4263 1015 4302 a.
1028 4239 1099 4304 be.
1112 4240 1133 4305 l.
1146 4260 1175 4322 g.
1188 4237 1262 4298 h.n.
1284 4233 1411 4296 eunt..
1431 4229 1570 4316 Erb'l’og.
1592 4230 1717 4294 Borma.
