4582 5320
1614 471 1687 546 aru

284 638 353 698 sut
373 623 586 700 concordiae
613 648 698 726 quae
722 647 803 729 spes
830 627 908 701 est?
932 623 1135 702 Dominari
1156 627 1215 703 illi
1235 625 1393 720 volunt,
1418 625 1482 704 v'os
1508 625 1620 704 liberi
1635 653 1688 706 es-

280 765 338 822 se:
365 747 488 824 facere
510 747 568 822 illi
585 747 772 837 iniurias,
798 775 862 825 ros
887 749 1109 853 prohibere:
1129 768 1318 854 postremo
1352 752 1460 826 sociis
1482 753 1609 827 restris
1627 777 1689 827 ve·

282 865 359 944 luti
393 869 594 960 hostibus,
619 869 807 946 'hostibus
850 898 922 976 pro
959 874 1067 948 sociis
1102 890 1277 949 utuntur.
1329 878 1502 949 Potestne
1534 875 1576 949 in
1610 891 1690 948 tam

284 989 440 1070 divorsis
459 995 651 1070 mentibus
669 1022 744 1097 pax
771 1010 839 1069 aut
851 997 1019 1097 amicitia
1040 1001 1139 1072 esscl
1165 998 1295 1093 Quare
1316 1023 1453 1072 moneo
1480 995 1691 1100 hortorque

280 1141 359 1207 ros,
378 1145 428 1194 ne
453 1133 606 1194 tantum
626 1118 746 1192 scelus
763 1118 1000 1222 impunitum
1030 1120 1221 1194 omittatis.
1274 1122 1360 1194 Non
1379 1119 1580 1224 peculatus
1599 1143 1691 1195 aera·

223 1285 227 1292 ·
283 1240 333 1316 rii
359 1239 482 1316 factus
498 1257 569 1333 est,
596 1269 720 1344 neque
740 1269 810 1345 per
833 1245 912 1316 vim
932 1243 1040 1318 sociis
1066 1261 1203 1347 ereptae
1227 1245 1532 1348 pecuniaezuquae
1557 1269 1692 1348 quam

281 1387 402 1466 quam
420 1365 547 1469 gravia
567 1381 675 1455 sunt,
703 1382 831 1440 tamen
856 1366 1132 1442 consuetudine
1152 1368 1229 1442 iam
1248 1395 1319 1472 pro
1343 1366 1468 1443 nihilo
1485 1366 1689 1443 habentur.

284 1489 392 1562 Hosti
421 1515 626 1564 acerrumo
661 1489 814 1592 prodita
851 1491 980 1565 Senati
1004 1491 1233 1582 auctoritas,
1260 1491 1458 1596 proditum
1485 1490 1692 1594 imperium

284 1627 448 1686 vestrum
466 1645 484 1684 -ε
515 1611 620 1686 domi
658 1612 881 1714 militiaeque
919 1613 1131 1716 respublica
1172 1615 1316 1688 venalis
1351 1614 1435 1689 fuit
1487 1615 1585 1711 Quae
1617 1612 1691 1687 nisi

286 1735 441 1836 quaesita
479 1749 613 1825 erunt,
648 1735 719 1810 nisi
745 1735 984 1811 vindicatum
1012 1736 1053 1810 iu
1081 1737 1231 1812 noxios:
1257 1736 1354 1840 quid
1374 1738 1449 1813 erit
1477 1737 1692 1838 reliquum,

284 1858 357 1932 nisi
387 1873 434 1931 ut
458 1857 550 1948 illis,
584 1859 723 1959 quiea
759 1858 900 1949 fecere,
935 1859 1152 1936 obedientes
1174 1862 1375 1937 vivamus?
1410 1861 1508 1935 Nam
1533 1861 1693 1962 impune

284 1979 466 2083 qrraelibet
499 1978 641 2070 facere,
669 1981 710 2056 id
741 1997 796 2056 est
824 2007 948 2086 regem
973 2009 1056 2058 esse.
1106 1985 1237 2086 Neque
1265 2010 1333 2088 ego
1377 2007 1462 2072 vos,
1502 1981 1693 2078 Quirites,

286 2101 439 2192 hortor,
465 2119 510 2179 ut
525 2102 666 2190 malitis
686 2104 777 2178 civis
795 2121 933 2179 vestros
963 2131 1163 2209 perperam
1191 2134 1310 2209 quam
1335 2121 1436 2180 recte
1463 2105 1604 2197 secisse3
1628 2102 1693 2178 sed

283 2247 357 2315 ue,
382 2225 610 2331 ignoscendo
630 2226 758 2315 malis,
782 2228 902 2302 bonos
922 2227 1118 2331 perditum
1140 2230 1239 2304 eatis.
1289 2229 1349 2304 Ad
1367 2226 1442 2302 hoc
1461 2229 1503 2302 in
1526 2225 1697 2330 republi-

288 2375 329 2424 ca
352 2349 477 2424 multo
503 2366 655 2453 praestat
674 2349 850 2424 beneficii
876 2377 996 2452 qtmm
1026 2351 1203 2427 maleficii
1228 2353 1489 2427 immemorem
1509 2376 1602 2442 csse3
1627 2344 1695 2422 bo·

285 2499 361 2548 nus
377 2462 604 2547 tantumodo
621 2473 770 2576 segnior
786 2471 852 2567 fit,
879 2475 948 2547 ubi
967 2477 1154 2579 neglegas,
1180 2490 1220 2548 at
1241 2474 1364 2550 malus
1385 2472 1607 2578 improbior.
1629 2469 1688 2545 Ad

290 2595 414 2670 hoc
385 2623 417 2671 οι
437 2593 590 2670 iniuriae
613 2621 692 2669 non
717 2595 812 2686 sint,
837 2593 946 2671 haud
960 2623 1058 2702 saepe
1076 2597 1212 2672 auxilii
1230 2621 1344 2701 egeas.

343 2719 435 2793 Haec
445 2733 561 2820 atque
577 2717 651 2790 alia
667 2717 930 2794 huiuscemodi
939 2745 1036 2824 saepe
1051 2718 1440 2809 dicundo‚Memmius
1453 2715 1597 2820 populo
1609 2739 1694 2816 per·
1708 2713 1749 2772 3²

289 2841 442 2933 suadet,
463 2839 730 2929 utiLCassius‚
752 2843 820 2943 qui
847 2859 930 2917 tum
946 2846 1089 2918 Praetor
1104 2859 1202 2933 erat,
1219 2843 1268 2918 ad
1289 2840 1516 2947 Iugurtham
1529 2840 1696 2912 mittere-

287 2977 356 3038 tur
373 2989 538 3066 eumque
550 2964 771 3067 interposita
797 2964 872 3042 lide
900 2967 1057 3072 publica
1079 2969 1239 3042 Romam
1260 2968 1434 3060 duceret3
1454 2991 1532 3067 quo
1547 2961 1696 3038 facilius

290 3143 385 3206 Guell.
400 3168 427 3228 7.
442 3167 470 3228 9.
485 3165 531 3204 ιο.
547 3161 593 3203 ιι.
611 3162 657 3203 ιι.
677 3142 759 3210 Leid.
774 3145 803 3204 d.
816 3143 846 3204 h.
861 3145 887 3204 k.
901 3148 921 3206 l.
934 3167 965 3213 n.
991 3144 1051 3204 Bas.
1061 3146 1090 3217 4.
1110 3145 1195 3205 Rern.
1210 3167 1236 3205 1.
1264 3145 1488 3223 molzunseeisse
1509 3145 1576 3204 Ecc.
1599 3139 1696 3201 Guoll.

291 3249 319 3309 3.
339 3250 442 3314 Fraus.
464 3249 544 3314 Vrat.
561 3268 588 3312 a.
609 3249 727 3308 alterna
744 3248 913 3311 sollicitato
934 3262 989 3312 tres
1003 3251 1106 3310 Wassii
1122 3249 1200 3309 libri.
1222 3249 1283 3308 Bas.
1300 3271 1324 3307 ι.
1351 3249 1493 3330 eripiatur
1512 3249 1580 3308 Eoo.
1601 3247 1698 3306 Guelf.

295 3375 339 3414 ιο.
360 3355 429 3414 vin.
445 3375 470 3411 1.
491 3352 576 3412 Fabr.
590 3373 618 3411 ι.
640 3351 691 3416 Aa.
713 3355 773 3414 ine.
796 3359 897 3414 Fraus.
913 3355 997 3413 Ilcm.
1017 3375 1041 3412 ι.
1063 3353 1144 3412 Lcid.
1156 3351 1185 3416 b.
1197 3373 1222 3412 e.
1238 3353 1256 3410 l.
1268 3352 1342 3433 g.'h.
1358 3356 1379 3412 l.
1392 3376 1432 3412 m.
1444 3374 1475 3417 ιι,
1497 3353 1559 3412 Bas.
1570 3353 1598 3424 4.
1614 3349 1699 3414 Bern.

296 3481 320 3522 ι.
342 3457 508 3538 intellegitis
526 3457 588 3516 Bas.
604 3479 629 3516 1.
652 3458 749 3524 Gaels.
768 3480 793 3522 ι.
808 3478 835 3517 a.
857 3456 1026 3538 intellegetis
1048 3456 1131 3518 Fabr.
1146 3477 1171 3516 ι.
1191 3457 1259 3516 Seu.
1275 3478 1300 3516 ι.
1321 3457 1391 3517 Tur.
1421 3457 1584 3537 intelligitis
1609 3456 1698 3516 Acad.

292 3563 387 3624 Senat.
403 3583 428 3628 2.
459 3561 581 3622 vratb.
608 3561 707 3629 lleuss.
738 3562 835 3622 Guelf.
850 3583 879 3644 9.
900 3582 944 3620 ιο.
971 3561 1097 3627 Βοιιι.ι.
1124 3581 1185 3642 spes
1197 3571 1247 3621 est.
1267 3572 1309 3623 ast
1323 3583 1384 3623 om.
1414 3560 1572 3623 lusoriis
1595 3560 1701 3623 nostris

292 3671 423 3750 plerique
440 3666 543 3726 Curtii.
564 3666 687 3727 divorsis
707 3667 803 3728 Guell.
821 3687 847 3726 a.
877 3665 1052 3746 impunitum
1070 3665 1227 3726 dimittatis
1251 3669 1292 3728 sio
1309 3666 1425 3728 Gruter.
1444 3677 1472 3727 ct
1489 3649 1580 3726 lllass.
1597 3665 1701 3724 edida-

293 3784 371 3832 runt.
392 3771 442 3832 sed
456 3791 558 3834 omnes
581 3775 639 3834 iere
652 3772 720 3832 libri
753 3770 1040 3832 omittatis-obmitt.
1066 3769 1190 3834 Rern-3.
1215 3771 1307 3832 erari
1330 3772 1398 3832 Eoo.
1427 3773 1569 3830 omittunt
1587 3769 1703 3848 aliquot

291 3878 380 3964 ¹l'alat.
399 3876 504 3956 grwt'u
516 3886 593 3938 suut.
613 3877 673 3937 sint
693 3881 790 3958 plures
812 3875 893 3935 Cort.
914 3878 998 3936 itaet
1018 3875 1088 3937 Tur.
1109 3875 1195 3936 Rern.
1214 3897 1239 3935 ι.
1262 3897 1323 3941 om.
1345 3874 1442 3935 Guelf.
1460 3893 1505 3931 ιο.
1524 3873 1614 3951 prod.
1629 3871 1699 3952 imp.

294 3993 421 4042 aestuem
434 3991 474 4041 est
502 3983 624 4044 Leida.
640 3981 789 4048 t.t.1.m.
819 3980 883 4040 Bas.
900 4001 926 4042 ι.
952 3979 1080 4040 Betui.
1114 3979 1168 4040 erit
1183 3979 1326 4058 reliquum
1346 3978 1442 4038 Guell.
1462 3997 1507 4035 ιο.
1539 3993 1629 4052 acque
1646 3994 1701 4054 ego

296 4078 354 4147 bos.
375 4107 428 4168 ego
449 4107 510 4145 om.
539 4086 591 4153 do.
612 4106 661 4148 sos
677 4085 754 4146 delet
774 4084 871 4145 Gueli.
884 4085 913 4156 4.
934 4103 1091 4145 memorem
1107 4083 1286 4144 emebatur.
1307 4081 1418 4145 Fabrio.
1440 4100 1481 4138 m.
1492 4098 1537 4160 pr.
1560 4077 1658 4143 Guelf.
1673 4099 1698 4142 ι.

299 4211 326 4276 ι.
338 4193 367 4262 l.
383 4211 428 4250 ιο.
449 4189 531 4250 Leid.
544 4192 565 4249 l.
583 4189 652 4250 Tur.
675 4209 773 4270 mpr.

378 4317 450 4399 Cap.
465 4319 515 4380 32.
535 4337 608 4397 soepe
625 4316 786 4377 indicendo
805 4319 894 4397 longo
909 4316 1032 4398 plurimi
1047 4314 1125 4378 libri.
1146 4315 1180 4374 in
1190 4315 1289 4373 multis
1301 4309 1399 4383 urrisu
1414 4331 1538 4392 prunos.
1557 4311 1588 4372 ia
1601 4314 1707 4374 saion-s
