4582 5320
567 335 632 389 102

563 491 597 568 ri
615 490 715 565 locos
731 514 968 591 occupavere.
994 483 1067 562 Sed
1085 489 1203 563 Persae
1222 473 1323 560 intra
1340 467 1537 560 Oceanum
1552 482 1671 588 magis
1677 517 1687 577 ;
1701 483 1822 589 hique
1836 487 1958 564 alveos

563 615 722 692 nemum
753 612 924 686 invorsos
941 637 1011 716 pro
1039 611 1199 716 tuguriis
1232 608 1425 700 habuere,
1457 609 1548 710 quia
1579 636 1703 711 neque
1733 612 1892 686 materia
1918 612 1959 691 in
2065 605 2073 616 ³

564 740 661 846 agris
681 764 806 841 neque
832 737 880 810 ab
908 735 1089 840 Hispanis
1110 733 1269 810 emundi
1300 748 1368 808 aut
1395 732 1571 807 mutandi
1596 733 1706 836 copia
1730 751 1832 827 erat,
1857 763 1961 812 mare

565 890 748 968 magnum
766 880 804 936 et
829 861 960 966 ignara
978 859 1109 964 lingua
1130 856 1354 933 commercia
1374 853 1638 960 prohibebant
1688 858 1739 932 Hi
1759 859 1963 962 paullatim

565 1016 635 1094 per
667 985 861 1062 connubia
887 983 1046 1058 Getulos
1071 1009 1200 1057 secum
1228 982 1411 1055 miscuere
1419 1013 1429 1072 ;
1453 995 1491 1054 et
1510 979 1601 1083 quia
1624 1005 1720 1086 saepe
1737 997 1963 1087 temptantes

566 1136 672 1216 agros
695 1109 770 1184 alin
789 1107 927 1182 deinde
951 1107 1026 1180 alia
1050 1107 1132 1182 loca
1151 1105 1382 1210 petiverant,
1404 1119 1520 1178 semet
1545 1103 1613 1206 ipsi
1635 1104 1818 1180 Numidas
1835 1106 1964 1211 adpel-

568 1237 698 1310 lavere.
738 1235 914 1309 Ceterum
934 1230 1062 1304 adhuc
1086 1229 1246 1306 aedilicia
1263 1229 1518 1304 Numidarum
1536 1227 1757 1332 agrestium,
1779 1255 1865 1330 quae
1886 1259 1964 1304 ma-

568 1357 671 1462 palia
699 1355 757 1429 illi
775 1371 933 1442 vocant,
952 1354 1135 1457 oblonga,
1156 1351 1322 1428 incurvis
1344 1350 1524 1426 lateribus
1545 1365 1660 1440 tecta,
1678 1353 1785 1454 quasi
1808 1355 1966 1428 navium

568 1479 710 1555 carinae
731 1493 830 1552 sunt.
881 1476 1001 1551 Medis
1017 1493 1146 1551 autem
1162 1491 1200 1550 et
1223 1473 1396 1550 Armenis
1422 1499 1603 1550 accessere
1627 1474 1760 1578 Libyes
1787 1475 1903 1572 (nam
1923 1478 1967 1554 hi

568 1603 726 1708 propius
757 1626 862 1675 mare
890 1599 1063 1674 Africum
1088 1599 1305 1703 agitabant3
1345 1596 1478 1672 Getuli
1507 1597 1578 1671 suh
1602 1596 1678 1673 sole
1699 1599 1832 1702 magis,
1860 1601 1967 1677 haud

570 1725 706 1831 procul
734 1724 783 1797 ah
805 1722 1030 1820 ardoribus)
1056 1721 1175 1824 hique
1194 1738 1343 1796 mature
1366 1720 1506 1824 oppida
1540 1717 1725 1818 habuere3
1750 1751 1843 1800 nam
1871 1725 1967 1802 freto

570 1850 680 1926 divisi
698 1848 747 1920 ab
766 1845 950 1948 Hispania
967 1859 1116 1918 mutare
1131 1870 1188 1918 res
1206 1845 1307 1918 inter
1320 1869 1359 1918 se
1377 1843 1628 1918 instituerant.
1675 1847 1822 1923 Nomen
1837 1875 1968 1924 eorum

571 1970 781 2076 paullatim
807 1969 942 2070 Libyes
974 1993 1198 2070 corrupere,
1224 1966 1386 2041 barbara
1421 1967 1552 2072 lingua
1581 1969 1734 2044 Mauros
1761 1999 1832 2074 pro
1850 1973 1968 2054 Medis

572 2094 815 2199 adpellantes.
866 2090 938 2165 Sed
965 2117 1022 2165 res
1041 2093 1239 2165 Persarum
1263 2091 1369 2165 brevi
1389 2091 1579 2165 adolevit:
1606 2119 1650 2166 ac
1667 2111 1796 2196 postea
1815 2098 1969 2174 nomine

572 2217 763 2306 Numidae,
789 2231 946 2320 propter
963 2212 1255 2288 multitudinem
1285 2241 1306 2288 a
1335 2213 1557 2317 parentibus
1590 2214 1761 2319 digressi,
1785 2219 1969 2322 possidere

574 2367 617 2416 ea
636 2341 737 2429 loca,
763 2363 849 2441 quae
879 2363 1064 2440 proxume
1090 2335 1359 2440 Carthaginem
1388 2336 1568 2412 Numidia
1596 2337 1820 2442 adpellatur.
1870 2345 1969 2420 Dein

574 2464 730 2565 utrique
749 2461 876 2535 alteris
898 2458 983 2534 freti
1001 2459 1195 2534 finitumos
1216 2459 1330 2534 annis
1347 2476 1415 2534 aut
1429 2478 1533 2535 metu
1546 2462 1617 2536 sub
1637 2463 1841 2567 imperium
1858 2493 1970 2544 suum

508 2601 512 2608 '
576 2612 752 2691 coegere,
779 2610 920 2659 nomen
939 2583 1176 2686 gloriamque
1197 2580 1269 2656 sibi
1292 2581 1488 2674 addidere,
1514 2585 1631 2689 magis
1651 2585 1712 2676 hi,
1738 2591 1806 2691 qui
1827 2591 1876 2666 ad
1904 2621 1970 2668 no-

573 2727 696 2785 strum
713 2733 817 2782 mare
845 2722 1123 2810 processerant:
1149 2705 1241 2808 quia
1269 2706 1422 2809 Libyes,
1447 2734 1565 2810 quom
1589 2709 1720 2785 Getuli
1745 2714 1872 2790 minus
1893 2717 1971 2792 bel.

575 2952 663 3015 head.
690 2953 756 3015 Ecc.
777 2975 823 3014 sex
845 2954 942 3014 Guell.
963 2963 1049 3033 atque
1071 2953 1151 3034 quod
1170 2956 1280 3033 priores
1294 2953 1370 3012 Edit.
1394 2967 1606 3036 occupaverat,
1618 2961 1754 3042 ignorant
1774 2982 1876 3024 omnes
1891 2966 1970 3026 leid.

574 3069 697 3126 alterurn
711 3067 772 3126 alia
792 3070 890 3148 plures
901 3067 1051 3126 omittunt.
1072 3077 1158 3125 semet
1174 3066 1230 3146 ipsi
1246 3066 1309 3125 Bas.
1326 3089 1349 3125 ι.
1371 3066 1455 3126 Fabr.
1478 3067 1574 3129 Guell.
1594 3092 1618 3130 ι.
1637 3071 1704 3132 Ecc.
1735 3073 1815 3134 leid.
1830 3076 1859 3138 h.
1872 3100 1897 3142 o.
1912 3079 1972 3148 (1.1.

575 3178 696 3240 Βιιιι.5.
718 3179 792 3259 ipsos
810 3181 906 3240 ceteri.
927 3178 1059 3259 illimop.
1079 3179 1148 3261 Teg.
1168 3179 1237 3238 Tur.
1258 3180 1373 3240 Bernd.
1394 3182 1541 3261 mappalia
1555 3183 1640 3245 Fahr.
1664 3192 1765 3247 Frauc.
1781 3191 1841 3254 alii.
1852 3189 1976 3253 Armeni

500 3299 506 3309 '
576 3290 637 3348 Bas.
651 3313 675 3354 1.
691 3291 774 3352 Febr.
793 3314 818 3350 1.
831 3314 870 3349 ιιι.
884 3313 930 3371 pr.
945 3312 974 3352 2.
990 3315 1030 3350 m.
1039 3315 1094 3354 sec.
1115 3291 1165 3352 hc.
1188 3293 1256 3353 Vin.
1272 3314 1298 3354 a.
1318 3295 1385 3352 Seu.
1403 3316 1427 3358 1.
1449 3295 1531 3354 Rern.
1545 3316 1571 3354 ι.
1592 3299 1652 3355 alii.
1673 3298 1863 3362 Medietatem
1874 3315 1902 3364 et
1914 3305 1974 3365 Αν-

578 3401 669 3459 menii
685 3421 827 3462 arcessere
839 3403 943 3484 Libyes
962 3415 1072 3483 septem
1084 3405 1188 3464 Wassii
1204 3403 1282 3463 libri.
1305 3427 1345 3465 m.
1367 3427 1421 3471 sec.
1437 3418 1466 3467 et
1478 3407 1574 3468 Ciacc.
1589 3409 1672 3468 liber.
1693 3410 1778 3472 Medi
1787 3436 1815 3473 a.
1827 3427 1856 3476 et
1870 3418 1977 3480 Arme-

578 3514 613 3572 m'
624 3532 766 3572 accessere
779 3513 884 3595 Libyes
904 3515 1049 3574 Commel.
1071 3515 1154 3576 Fahr.
1168 3537 1195 3574 a.
1224 3517 1319 3578 Struv.
1348 3537 1443 3598 mpr.
1465 3520 1548 3586 Rem,
1567 3542 1591 3578 ι.
1616 3521 1676 3586 inc.
1694 3527 1794 3585 Frauo.
1815 3527 1974 3596 vacas

577 3626 644 3712 Eoo.
666 3601 962 3706 Guell.l.7.ro.11.
979 3647 1024 3685 12.
1047 3627 1148 3698 llasd.
1169 3627 1294 3692 Betui.
1316 3630 1383 3689 libes
1410 3630 1513 3702 Basa.
1532 3636 1620 3710 fretu
1647 3636 1763 3696 Maain.
1794 3658 1976 3727 corrumpere

577 3737 730 3801 Febrim.
752 3738 812 3797 Bas.
830 3762 853 3797 1.
882 3739 982 3800 Struv,
1006 3737 1102 3798 Guell.
1120 3741 1149 3810 d.
1168 3763 1195 3821 7.
1215 3742 1300 3802 Rem.
1319 3763 1345 3800 ι.
1373 3743 1469 3803 Sonat.
1489 3767 1513 3804 ι.
1541 3746 1702 3814 Vruhad.
1727 3755 1825 3814 t'raue.
1844 3757 1975 3824 Leidm,

578 3849 697 3912 nomine
709 3850 860 3910 Numidico
880 3854 966 3910 multi
978 3851 1046 3910 libri
1061 3873 1224 3933 perperam.
1249 3854 1396 3936 possidere
1416 3856 1525 3918 Fabric.
1548 3869 1640 3941 uterq.
1667 3861 1717 3927 lc.
1749 3869 1850 3927 Frane.
1876 3871 1970 3936 Snus.

578 3965 659 4029 Vrat.
675 3986 702 4024 2.
724 3965 791 4025 Ece.
815 3963 911 4024 Gucll.
925 3985 952 4025 2·
966 3965 995 4030 3.
1009 3987 1038 4045 g.
1054 3985 1098 4023 ιι.
1118 3985 1164 4024 12.
1187 3966 1353 4026 Perichd.
1374 3967 1436 4028 Bas.
1453 3990 1479 4029 ι.
1492 3971 1521 4041 l.
1541 3969 1627 4033 Bern.
1643 3975 1709 4034 ι.3.
1727 3979 1868 4056 praecino
1888 3983 1976 4060 Corn¹

581 4081 698 4138 Fronto.
720 4097 742 4134 s.
756 4099 837 4140 voce.
859 4079 1048 4158 adpellantur·
1074 4079 1172 4140 Senot.
1200 4080 1300 4140 Heuss.
1329 4081 1424 4142 Stror.
1454 4085 1551 4150 Guell.
1566 4105 1591 4144 ι.
1607 4090 1634 4146 3.
1646 4109 1673 4167 7.
1690 4109 1735 4150 ιο.
1752 4110 1797 4150 ιι.
1823 4093 1891 4180 Teg.
1918 4099 1977 4160 Eri.

580 4187 649 4246 Tur.
671 4210 711 4247 m.
732 4209 787 4249 sec.
808 4190 878 4251 dein
898 4191 994 4252 Gueli.
1006 4192 1033 4263 Δ.
1055 4190 1163 4253 deindo
1183 4195 1279 4254 ceteri
1299 4193 1683 4278 imperiumatumcoegere.
1702 4221 1786 4264 mum
1806 4227 1866 4270 om,
1882 4211 1976 4275 Guels,
