4570 5316
775 744 776 750 ¹
906 715 1002 788 Lrs.
1039 717 1078 787 I..

383 916 411 963 1.
437 887 506 963 Res
528 888 663 992 populi
689 891 852 966 Romani
871 894 921 967 M
944 893 1106 997 Lepido,
1151 893 1196 993 Q.
1228 893 1363 970 Catulo
1387 893 1614 972 Consulibus
1637 922 1688 973 ac

283 1007 421 1086 deinde
446 1011 593 1116 militia
619 1027 658 1087 et
676 1013 782 1089 domi
805 1032 922 1119 gestas
941 1016 1145 1121 composui.
1174 1065 1226 1080 -
1258 1045 1290 1091 2.
1313 1021 1409 1095 Cato
1440 1018 1602 1092 Romani
1622 1045 1688 1122 ge·-

283 1134 383 1210 neris
420 1133 696 1212 disertissumus
731 1138 853 1213 multa
878 1141 1010 1242 paucis
1040 1141 1224 1234 absolvit3
1272 1185 1323 1202 --
1374 1145 1405 1214 5.
1431 1139 1506 1214 Nos
1527 1139 1569 1214 in
1599 1155 1684 1216 tan-

284 1243 322 1330 ta
359 1256 676 1334 doctissumorum
705 1257 910 1335 hominum
944 1263 1061 1365 copia.
1125 1267 1184 1326 -'
1209 1269 1243 1368 4.
1278 1264 1412 1365 Neque
1440 1288 1501 1336 me
1536 1261 1686 1339 divorsa

284 1404 370 1481 pars
395 1379 437 1455 in
462 1380 637 1456 civilibus
664 1383 778 1458 annis
802 1385 922 1460 movit
949 1413 971 1460 a
992 1413 1154 1461 vero-
1192 1384 1224 1461 5.
1248 1385 1363 1460 Nobis
1389 1385 1522 1488 primae
1545 1384 1689 1462 dissen-

282 1501 404 1577 siones
430 1503 522 1579 vitio
544 1501 708 1581 humani
727 1506 868 1612 ingenii
893 1535 1070 1584 evenere:
1095 1507 1216 1609 quod,
1240 1507 1410 1610 inquies,
1434 1523 1549 1610 atque
1575 1507 1686 1582 indo-

283 1625 442 1716 mitum,
466 1651 613 1730 semper
635 1628 678 1728 in
698 1629 906 1707 certamine
932 1631 1115 1708 libertatis
1149 1645 1217 1706 aut
1249 1627 1378 1735 gloriae
1409 1646 1478 1703 out
1512 1629 1687 1704 domina-

284 1737 398 1824 tionis
423 1750 577 1854 agit-
601 1753 644 1826 6:
659 1753 757 1826 Nam
780 1780 802 1827 a
829 1754 1040 1858 primordio
1062 1754 1171 1829 urbis
1192 1752 1243 1828 ad
1268 1751 1416 1826 bellum
1439 1752 1542 1826 Persi
1562 1751 1691 1827 Mace-

283 1871 477 1947 donicum.
491 1920 543 1937 -
568 1903 599 1972 7.
634 1877 703 1950 Res
722 1878 894 1955 Romana
921 1877 1136 1980 plurimum
1162 1875 1323 1978 imperio
1341 1873 1481 1964 valuit,
1507 1875 1582 1949 Ser.
1599 1874 1689 1960 Sul·

282 1995 380 2098 pitio
399 2012 437 2070 et
469 1997 519 2070 Μ
548 1997 730 2074 Marcello
752 1999 981 2074 Consulibus
1003 1995 1108 2073 omni
1133 1997 1262 2071 Gallia
1289 1996 1342 2071 cis
1367 1995 1545 2072 Rhenum
1572 2011 1691 2106 atque

284 2136 582 2224 morenostrum
602 2138 717 2223 atque
733 2123 953 2214 Oceanum,
976 2122 1050 2197 nisi
1073 2147 1159 2224 quae
1180 2147 1202 2194 a
1226 2118 1434 2224 paludibus
1463 2119 1539 2192 fuit
1566 2118 1688 2210 invia,

284 2243 386 2318 inter
406 2241 626 2346 perdomita.
672 2245 851 2348 Optumis
875 2260 1003 2319 autem
1026 2242 1197 2318 moribus
1217 2257 1258 2318 et
1278 2268 1456 2316 maxuma
1470 2240 1690 2319 concordia

285 2365 361 2468 egit
383 2365 550 2468 populus
574 2367 766 2442 Romanus
798 2368 899 2441 inter
921 2365 1132 2440 secundum
1151 2381 1266 2466 atque
1287 2381 1522 2468 postremum
1541 2363 1690 2440 bellum

286 2485 604 2591 Carthaginiense.
1491 2555 1494 2562 ,

385 2615 418 2686 8.
443 2615 494 2684 At
510 2609 697 2686 discordia
722 2626 762 2686 et
779 2611 958 2701 avaritia,
982 2625 1099 2713 atque
1113 2609 1292 2701 ambitio,
1317 2627 1356 2686 et
1372 2627 1493 2686 cetera
1515 2609 1693 2686 secundis

231 2819 233 2822 ,
257 2837 260 2848 ¹
288 2733 399 2808 rebus
426 2731 518 2808 oriri
538 2749 643 2809 sueta
667 2733 785 2826 mala,
810 2751 896 2839 post
918 2732 1156 2838 Carthaginis
1174 2733 1382 2810 exscidium
1402 2758 1580 2808 maxume
1601 2757 1693 2815 auo-

391 2979 417 3018 1.
437 2959 546 3020 Donat.
561 2959 599 3020 ad
626 2959 698 3026 Aen.
726 2982 752 3020 r.
774 2959 862 3021 Prisc.
885 2961 938 3034 15,
962 2981 994 3034 a,
1018 2960 1091 3032 6163
1119 2957 1170 3019 sed
1189 2957 1267 3018 idem
1286 2957 1338 3031 rs,
1361 2956 1395 3029 3,
1412 2952 1495 3017 623:
1517 2955 1574 3016 Res
1590 2953 1693 3035 popuii

284 3057 416 3120 Romarci
431 3061 536 3138 Murco
549 3063 659 3145 Lepido
676 3062 836 3152 Catuloque
857 3061 937 3126 Coss.
958 3084 996 3125 ac
1008 3065 1124 3126 deinde
1148 3063 1233 3126 domi
1245 3074 1278 3130 ct
1289 3062 1402 3124 militiae
1434 3071 1548 3142 gestas,
1570 3061 1620 3121 sed
1636 3064 1690 3122 cfr.

284 3161 387 3228 Rufio.
409 3163 446 3222 de
466 3186 596 3246 compos.
614 3180 643 3229 et
656 3171 754 3250 metris
769 3181 918 3230 oratorum
943 3191 1011 3252 pag.
1031 3170 1100 3230 355.
1120 3167 1175 3228 Ed.
1195 3167 1409 3250 Capenonerii.
1423 3199 1466 3214 -
1494 3186 1522 3226 a.
1544 3167 1596 3226 cfr.
1617 3163 1690 3224 Mar.

285 3264 356 3326 Fut.
368 3267 512 3330 victorin.
523 3270 555 3327 iu
570 3269 728 3332 RhetCic.
738 3295 769 3352 p.
785 3273 850 3354 149.
865 3271 965 3332 Schol.
979 3271 1017 3331 ad
1031 3273 1134 3331 Horat‘.
1146 3271 1231 3335 satir.
1249 3293 1275 3335 1.
1296 3291 1341 3330 ιο.
1353 3269 1396 3351 9'5
1412 3271 1490 3334 Serv.
1506 3269 1554 3330 ad.
1573 3267 1646 3328 Aen.
1665 3289 1708 3346 t.

285 3371 335 3451 96.
354 3405 395 3420 -
416 3378 444 3436 5.
456 3373 536 3438 Serv.
553 3375 591 3435 ad
613 3373 684 3435 Aen.
708 3375 744 3450 4,
767 3376 834 3441 213«.
846 3407 890 3422 -
908 3373 1037 3444 4-Corn.
1052 3375 1163 3434 Fronto
1182 3395 1205 3435 s.
1222 3398 1250 3439 v.
1266 3374 1364 3436 movit.
1378 3409 1421 3422 —
1448 3373 1482 3435 5..
1498 3375 1583 3436 Priscu
1601 3373 1619 3433 5
1630 3414 1640 3446 ‚
1663 3373 1696 3444 4'

290 3475 356 3540 183..
377 3477 460 3539 notu
475 3499 568 3560 suaper
581 3479 657 3540 Cod.
672 3479 756 3543 Prisc.
777 3479 806 3538 S.
826 3479 945 3540 Martini
964 3478 1158 3540 Lovaniemir.
1179 3479 1280 3539 idem:
1302 3477 1402 3558 agitur
1420 3479 1460 3538 ita
1477 3486 1506 3538 et
1516 3475 1592 3538 Cod.
1609 3475 1693 3538 Tho-

285 3597 380 3640 sanua.
394 3615 436 3630 -
461 3584 489 3651 6.
510 3583 596 3646 Prisc.
622 3606 676 3666 r7‚
697 3605 755 3659 ar,
773 3585 823 3645 85.
844 3585 897 3645 csr.
917 3585 1008 3644 etiam
1021 3584 1107 3645 Prisc.
1126 3583 1178 3654 14.
1202 3603 1233 3658 a,
1258 3584 1326 3663 589.
1349 3581 1433 3647 Prob.
1454 3581 1573 3644 Cathol.
1605 3581 1693 3654 1468.

285 3681 340 3742 Ed.
355 3684 468 3748 Putseh.
488 3687 612 3770 Sosipat.
628 3687 739 3755 Charis.
755 3691 827 3754 Inst.
845 3689 977 3748 Gramm.
991 3711 1023 3768 p.
1039 3687 1087 3748 52.
1112 3689 1194 3748 Serv.
1224 3685 1297 3747 Aen.
1310 3687 1347 3762 8,
1366 3686 1446 3748 383..
1456 3685 1498 3744 id.
1515 3686 1554 3744 ad
1573 3684 1645 3745 Aen.
1666 3706 1693 3759 ι,

288 3786 337 3859 34.
357 3808 377 3848 o
390 3789 536 3872 principio
552 3795 634 3876 legit,
655 3813 727 3853 nam
743 3813 805 3854 non
823 3790 972 3853 habet—
994 3815 1021 3874 7.
1045 3792 1184 3853 Victoria.
1195 3792 1227 3850 in
1244 3789 1403 3850 I.·Rhetor.
1414 3787 1477 3848 Cic.
1493 3808 1561 3870 pag.
1580 3788 1689 3860 rosis

287 3901 384 3952 nutem
402 3895 564 3977 legit,snr't
580 3897 659 3961 invia
676 3908 705 3958 et
719 3901 808 3979 paulo
828 3907 894 3978 post
908 3899 1069 3957 consumam
1088 3917 1126 3956 oc
1138 3930 1167 3956 ·.
1188 3895 1347 3956 meandum
1362 3901 1449 3971 atquc
1466 3889 1545 3951 Serv.
1565 3887 1604 3949 ad
1621 3889 1693 3950 Aen.
1807 3889 1811 3898 ’

289 3994 408 4070 39540.
430 3999 483 4060 cfr.
496 3999 647 4084 Augurum.
669 4002 734 4067 Cir.
754 4002 820 4063 Dei.
842 4003 940 4075 251&
961 4001 1039 4066 Non·
1054 4002 1184 4061 Marcell.
1206 4018 1247 4077 a,
1273 3998 1339 4058 180.
1360 3994 1419 4055 hcc
1435 3992 1614 4056 ordinanti
1636 4013 1694 4074 quo

281 4099 345 4175 suit
359 4101 514 4179 palmitum
536 4104 625 4167 incia.
652 4105 799 4166 ammian.
815 4107 944 4171 tuscul.
964 4105 1041 4168 Edit.
1062 4098 1399 4175 Gmnov015,13,·sub
1413 4099 1466 4164 fin.
1500 4095 1584 4160 Nam
1595 4115 1695 4160 omnes

295 4199 401 4266 Gallio
414 4205 474 4266 nisi
489 4226 548 4286 quo
561 4210 716 4290 paludibtoe
730 4209 815 4270 invice
822 4211 976 4285 flucre-
1637 4251 1641 4280 s

350 4309 381 4369 8.
395 4307 521 4394 August.
544 4311 610 4380 Cir.
626 4313 691 4374 Dei.
712 4333 749 4388 a,
773 4314 864 4375 ruet
883 4313 976 4384 5,12.
996 4309 1047 4372 sed
1064 4310 1218 4394 posteriori
1236 4311 1304 4373 loco
1329 4309 1425 4370 mults
1443 4307 1698 4393 deputatorum.
1830 4399 1836 4416 ν
