4560 5338
1656 475 1682 548 9

275 652 347 730 pus
368 627 481 702 annis
501 625 719 717 infirmum,
745 623 944 731 ingenium
967 613 1153 730 sapientia
1172 627 1345 704 validum
1368 646 1470 721 erat,
1496 631 1681 736 reipubli-

275 777 328 826 cae
349 751 638 844 consultabant3
663 748 706 824 hi
728 749 786 824 vel
813 766 938 840 aetate,
976 751 1036 824 vel
1062 777 1164 826 curae
1184 750 1438 828 similitudine
1461 769 1585 855 patres
1613 754 1680 829 ad-

275 874 532 976 pellabantur.
569 877 671 963 Post,
696 871 763 947 ubi
778 873 923 978 regium
946 873 1169 976 imperinm,
1194 876 1301 977 quod
1327 876 1439 951 initio
1456 903 1680 953 conservan-

275 995 333 1072 dae
356 997 540 1072 libertatis
565 1014 682 1100 atque
708 995 891 1100 augendae
911 996 1131 1100 reipublicae
1154 999 1294 1091 fuerat,
1320 999 1364 1076 in
1379 1001 1598 1104 superbiam
1611 1002 1678 1076 do-

275 1121 604 1224 minationemque
632 1121 700 1218 (se)
727 1121 945 1212 convortit3
978 1122 1180 1195 immutato
1203 1149 1333 1212 more,
1357 1150 1488 1197 annua
1518 1124 1678 1228 imperia

274 1244 460 1347 binosque
482 1245 724 1347 imperatores
757 1243 829 1316 sibi
855 1243 998 1336 fecere;
1030 1271 1074 1318 eo
1103 1243 1217 1318 modo
1240 1245 1412 1342 minume
1436 1271 1542 1348 posse
1562 1265 1676 1351 puta·

273 1367 368 1440 bant
386 1394 455 1470 per
471 1367 673 1442 licentiam
692 1367 912 1452 insolescere
939 1367 1113 1440 animum
1138 1366 1363 1444 humanum.
1415 1369 1487 1443 Sed
1515 1395 1558 1443 ea
1581 1381 1702 1448 tem-7

272 1506 414 1592 pestate
431 1515 579 1592 coepere
608 1515 646 1563 se
667 1489 829 1591 qrrisque
856 1489 973 1592 magis
998 1489 1176 1563 extollere
1201 1491 1394 1594 magisque
1412 1495 1610 1598 ingenium
1633 1496 1675 1570 in

272 1628 455 1715 promptu
476 1611 625 1687 habere.
661 1613 759 1684 Nam
780 1612 928 1714 regibus
950 1611 1043 1684 boni
1065 1638 1183 1713 quam
1203 1613 1295 1686 mali
1316 1617 1561 1716 suspectiores
1574 1635 1675 1708 sunt,

271 1761 492 1838 semperque
508 1733 567 1808 his
588 1732 713 1808 aliena
732 1734 851 1808 virtus
877 1733 1120 1808 formidolosa
1143 1751 1204 1808 est
1248 1735 1320 1810 Sed
1336 1737 1484 1827 civitas,
1511 1738 1675 1815 incredi-

272 1858 348 1933 bile
363 1873 576 1934 memoratu
593 1872 663 1947 est,
682 1856 819 1961 adepta
840 1856 1032 1946 libertate,
1054 1873 1246 1959 quantum
1265 1858 1371 1934 brevi
1390 1861 1566 1935 creverit:
1591 1879 1675 1938 tan-

233 2025 238 2032 ·
273 1997 309 2055 ta
332 1981 474 2086 cupido
493 1981 623 2086 gloriae
641 1979 848 2054 incesserat
882 1981 969 2053 Jam
983 1979 1154 2082 primum
1174 1981 1498 2072 inventus,simul
1518 2011 1563 2061 ac
1582 1987 1674 2062 belli

270 2104 417 2208 patiens
437 2121 534 2194 erat,
560 2105 602 2178 in
627 2103 755 2177 castris
775 2129 844 2206 per
867 2103 1037 2176 lahorem
1065 2129 1137 2176 usu
1165 2103 1345 2178 militiam
1364 2105 1554 2190 discebat:
1592 2137 1673 2185 ma·

269 2227 398 2332 gisque
421 2228 464 2302 in
486 2227 630 2302 decoris
651 2226 765 2300 armis
786 2241 824 2300 ct
845 2226 1074 2300 militaribus
1101 2227 1230 2328 equis,
1256 2254 1374 2329 quam
1400 2227 1442 2303 in
1461 2230 1591 2306 scortis
1616 2249 1672 2308 at-

268 2378 344 2453 que
362 2349 544 2424 conviviis
565 2349 781 2423 lubidinem
799 2347 1002 2423 habebant.
1034 2349 1157 2453 Igitur
1179 2350 1319 2428 talibus
1343 2351 1433 2428 viris
1460 2381 1541 2428 non
1566 2355 1673 2434 labos

269 2472 460 2564 insolitus,
484 2501 563 2548 non
577 2473 683 2548 locus
700 2471 802 2544 ullus
820 2497 928 2573 asper
946 2489 1014 2544 aut
1029 2471 1172 2546 arduus
1185 2489 1284 2564 erat,
1303 2500 1383 2550 non
1402 2494 1571 2552 annatus
1585 2477 1673 2554 hos-

271 2599 315 2672 tis
336 2596 627 2672 formidolosus:
653 2594 772 2668 virtus
792 2593 920 2670 omnia
941 2593 1148 2670 domuerat.
1192 2595 1264 2672 sed
1287 2595 1416 2704 gloria
1446 2626 1671 2678 maxumum

264 2822 380 2900 piendis
396 2841 497 2880 omnes
518 2819 601 2884 llasil.
626 2819 722 2883 Turic.
744 2818 829 2883 Bcrn.
850 2817 886 2878 de
905 2817 984 2882 Leid.
1004 2837 1066 2877 non
1083 2819 1150 2878 salis
1170 2829 1299 2890 constan
1314 2819 1569 2904 .ortbograpbism
1590 2825 1670 2886 enim

269 2927 389 2990 llorere.
415 2945 476 2983 non
501 2925 566 2983 sstis
586 2935 718 2984 accurate
740 2943 920 3004 comparasse
944 2923 1070 2984 videtur.
1109 2925 1245 2984 validum
1268 2935 1342 2990 erut.
1368 2945 1469 2985 omnes
1501 2925 1563 2991 Bu.
1590 2927 1670 2993 Leid.

268 3031 326 3096 Eri.
339 3031 407 3112 Teg.
425 3030 493 3092 Tur.
512 3051 536 3094 t.
555 3049 581 3093 a.
598 3028 682 3092 Rern.
698 3029 726 3088 5.
742 3039 770 3088 et
785 3049 809 3092 ι.
829 3011 907 3087 idem
926 3027 1140 3108 ingeniumque.
1156 3031 1374 3092 conservamlue
1393 3017 1574 3110 reipublicae.
1590 3031 1672 3112 quod
1801 3101 1807 3113 ,

267 3139 299 3195 in
322 3136 421 3196 multis
435 3133 532 3194 Codd.
552 3133 688 3207 additur,
711 3154 809 3196 causa.
824 3131 903 3192 abest
920 3154 936 3190 a
953 3131 1015 3196 llas.
1035 3155 1060 3197 1.
1075 3153 1102 3197 2.
1122 3135 1151 3204 4.
1167 3133 1248 3198 Leid.
1263 3156 1290 3193 a.
1308 3155 1334 3197 c.
1347 3135 1377 3196 d.
1392 3155 1420 3215 g.
1435 3134 1454 3196 i.
1471 3136 1493 3192 l.
1509 3155 1549 3197 m.
1564 3153 1595 3198 n.
1613 3133 1672 3194 ia-

267 3240 339 3301 brie.
356 3245 389 3299 r.'
402 3240 499 3299 Guelf.
513 3257 540 3304 2.
552 3239 580 3301 6.
601 3239 686 3298 llem.
699 3241 758 3302 inc.
770 3259 796 3296 a.
823 3246 910 3314 alque
920 3238 1083 3316 urgendus.
1104 3246 1191 3315 utque
1208 3239 1370 3296 omiserunt
1381 3236 1462 3300 Leid.
1477 3257 1504 3297 e.
1520 3239 1541 3296 l.
1557 3255 1671 3316 augete·
1721 3225 1723 3230 ’

266 3348 376 3424 daque.
388 3343 467 3407 Leid.
483 3363 524 3407 m.
544 3361 573 3402 se
586 3341 825 3406 convertitbeid.
846 3342 875 3405 b.
898 3363 924 3400 c.
945 3340 975 3404 d.
993 3361 1020 3405 e.
1042 3361 1071 3421 g.
1087 3338 1108 3398 h
1130 3342 1150 3404 i.
1170 3341 1197 3404 k.
1217 3342 1357 3404 lomnes
1374 3339 1510 3415 Gruter-i,
1531 3339 1626 3401 Cottii
1641 3351 1671 3403 st

267 3449 369 3509 Wassii
386 3447 462 3507 libri.
484 3446 585 3512 Bu.1.
606 3467 633 3511 a.
655 3448 683 3517 4.
701 3447 758 3509 Eri.
775 3445 842 3526 Teg.
857 3445 953 3503 Turic.
974 3465 999 3502 ι.
1021 3464 1049 3508 2.
1067 3443 1152 3503 Bern.
1170 3463 1195 3502 ι.
1215 3443 1243 3504 3.
1285 3462 1315 3504 se
1334 3445 1518 3509 converterit.
1539 3443 1624 3506 llam.
1641 3467 1669 3512 a.

267 3573 349 3613 conv.
361 3573 391 3614 se
403 3551 484 3616 Leid.
503 3551 523 3612 l.
539 3550 681 3612 convertit
690 3567 756 3614 sese.
774 3549 835 3612 Bas.
850 3547 878 3612 3.
892 3569 931 3606 m.
945 3569 1000 3608 see.
1022 3568 1052 3608 ss
1068 3549 1216 3607 omissum.
1237 3545 1318 3612 Leid.
1328 3569 1355 3607 s.
1368 3570 1408 3612 m.
1425 3568 1455 3607 n.
1467 3549 1500 3608 iu
1516 3569 1579 3609 uno
1591 3548 1670 3610 Cod.

266 3659 389 3717 Manutii
401 3667 429 3716 et
441 3655 517 3716 libro
529 3655 648 3720 Merseb.
665 3655 752 3714 Rivii.
766 3653 801 3712 de
811 3653 941 3712 Parisinis
958 3671 1020 3712 non
1031 3654 1131 3734 liquet.
1143 3650 1279 3730 binosque
1295 3653 1434 3712 consedes.
1453 3649 1550 3716 Guell'.
1567 3672 1592 3711 1.
1606 3652 1669 3718 salsi.

266 3783 325 3826 om.
347 3764 405 3825 ine.
427 3783 452 3820 ι.
482 3759 537 3818 siti
552 3759 620 3839 imp.
655 3759 773 3817 beidi.
795 3757 916 3816 minisne
930 3775 1033 3818 ornnes
1059 3755 1120 3820 Bas.
1146 3754 1228 3819 Leid.
1242 3754 1311 3814 Tus.
1337 3755 1421 3819 Bern.
1446 3774 1501 3834 pst·
1519 3753 1671 3816 lieentum

263 3867 413 3945 pluebant.
434 3864 513 3926 leid.
525 3884 566 3922 m.

325 3993 398 4074 Cup.
415 4015 442 4074 7.
467 4011 585 4072 coepero.
601 3993 710 4051 exsulat
727 3993 757 4050 in
787 3993 922 4076 plurimis
943 3989 1093 4050 Ciacoonii
1121 3995 1149 4046 et
1166 3984 1265 4046 Ursini
1281 3984 1380 4047 codd.
1403 3987 1489 4047 stiam
1508 3985 1668 4050 Gruterum

265 4097 399 4160 oll'eudit.
421 4097 515 4176 magis
528 4097 674 4156 extollere.
696 4099 783 4178 longe
798 4095 919 4176 plurimi
933 4089 1030 4153 Codd.
1049 4111 1151 4153 omues
1165 4089 1247 4150 Leid.
1266 4095 1397 4172 excepto.
1412 4111 1453 4148 m.
1472 4087 1534 4150 Bas.
1553 4108 1579 4149 1.
1594 4109 1622 4150 2.
1634 4092 1665 4162 4.

267 4203 363 4264 Gusli.
385 4222 413 4262 a.
427 4203 456 4272 4.
471 4203 498 4261 5.
516 4201 544 4260 6.
565 4223 592 4280 7.
606 4202 635 4260 8.
651 4222 681 4280 9.
699 4219 744 4258 ιο.
762 4221 807 4258 ιι.
823 4219 867 4258 12.
888 4197 1008 4259 Eccsrd.
1025 4195 1111 4256 licus.
1125 4195 1225 4256 Vinus.
1247 4215 1273 4253 ι.
1287 4197 1385 4254 Sonat.
1402 4203 1496 4275 uterq.
1511 4203 1541 4255 et
1550 4193 1664 4258 fabric.

268 4326 296 4366 a.
312 4305 381 4368 Tur.
398 4329 424 4366 1.
443 4305 527 4366 Bern.
545 4325 572 4366 s.
590 4303 619 4366 3.
633 4302 691 4362 Erl.
706 4303 774 4384 Τις.
797 4303 899 4380 magis.
916 4302 1059 4360 omittunt
1085 4301 1149 4359 Bas.
1169 4297 1199 4359 3.
1223 4297 1304 4359 Leid.
1320 4319 1362 4358 m.
1382 4296 1494 4360 fabric.
1519 4321 1547 4360 s.
1567 4299 1664 4362 Stsuv.

1276 4451 1298 4498 2
