4570 5316
651 371 721 466 176

645 572 725 621 non
746 545 893 648 placuit
904 545 1093 620 reticere:
1121 569 1170 618 nc
1197 542 1281 644 quis
1297 543 1518 618 modestiam
1534 542 1575 616 in
1592 541 1861 618 conscientiam
1879 541 2043 618 duceret

644 667 742 743 Nam
762 695 823 743 me
835 669 991 770 quidem
1004 695 1048 741 ex
1067 666 1186 740 animi
1201 665 1274 740 mei
1286 667 1475 758 sententia,
1490 666 1599 739 nulla
1618 667 1738 740 oratio
1754 665 1889 739 laederc
1904 682 2046 768 potest3

644 792 797 895 quippe.
811 818 897 866 vera
915 815 1059 864 necesse
1075 805 1128 864 est
1148 788 1246 861 bene
1267 787 1469 891 praedicet3
1493 787 1626 862 falsam
1653 788 1728 863 vita
1750 814 1948 890 moresque
1968 788 2043 862 mei

642 929 831 1016 superant
890 912 963 986 Sed
994 911 1178 1012 quoniam
1215 926 1334 984 vestra
1365 910 1522 984 consilia
1553 927 1810 999 accusantur,
1845 910 1913 1012 qui
1946 909 2043 986 mibi

641 1061 833 1128 summum
869 1033 1055 1109 honorem
1086 1049 1124 1106 et
1157 1058 1380 1105 maxumum
1414 1032 1610 1134 negotium
1644 1032 1895 1135 imposuistis:
1929 1035 2044 1109 etiam

641 1176 757 1261 atque
775 1159 890 1233 etiam
906 1174 1097 1258 reputata,
1123 1143 1220 1228 num¹
1238 1180 1370 1228 eorum
1388 1154 1664 1257 poenitundum
1680 1156 1738 1229 sit.
1786 1157 1871 1229 Non
1891 1184 2043 1260 possum

641 1279 730 1356 fidei
752 1305 879 1355 caussa
917 1275 1104 1380 imagines,
1124 1301 1249 1378 neque
1272 1274 1486 1378 triumphos
1517 1293 1585 1351 aut
1609 1277 1827 1351 consulatus
1852 1280 2043 1355 maiorum

640 1429 813 1478 meorum
833 1417 1038 1501 ostentare3
1063 1412 1121 1486 at,
1138 1397 1169 1472 si
1194 1425 1250 1473 res
1271 1397 1454 1500 postulet,
1470 1397 1610 1488 hastas,
1630 1399 1830 1488 vexillum,
1848 1401 2041 1501 phaleras,

639 1526 714 1600 alia
733 1525 912 1599 militaria
930 1523 1051 1613 dona3
1078 1536 1257 1622 praeterea
1273 1520 1464 1596 cicatrices
1484 1522 1641 1596 advorso
1661 1548 1826 1624 corpore.
1867 1525 1936 1596 Hae
1952 1541 2043 1598 sunt

639 1673 731 1724 meae
753 1647 953 1749 imagines,
967 1643 1048 1716 haec
1069 1642 1272 1731 nobilitas,
1299 1669 1378 1717 non
1397 1640 1618 1718 haereditate
1638 1643 1783 1733 relicta,
1805 1662 1850 1718 ut
1872 1645 1938 1718 illa
1959 1646 2042 1736 illis,

637 1770 702 1844 sed
721 1794 807 1870 quoe
823 1793 890 1870 ego
914 1765 1005 1838 meis
1027 1764 1204 1866 plurimis
1234 1764 1429 1837 laboribus
1463 1781 1501 1838 et
1534 1765 1713 1867 periculis
1742 1767 1906 1878 quaesivi.
1955 1770 2040 1844 Non

638 1906 730 1964 sunt
753 1888 957 1991 composita
977 1887 1090 1960 verba
1117 1911 1200 1958 mea
1224 1917 1232 1957 :
1255 1912 1394 1986 parum
1413 1875 1458 1960 id
1488 1885 1609 1979 facio;
1633 1887 1713 1991 ipsa
1743 1893 1786 1964 se'
1808 1891 1927 1966 virtus
1954 1893 2040 1966 satis

640 2012 834 2087 ostendit:
861 2009 936 2085 illis
957 2007 1118 2081 artificio
1142 2031 1235 2110 opus
1254 2021 1326 2094 est,
1352 2022 1397 2081 ut
1427 2007 1555 2110 turpia
1577 2006 1676 2084 facta
1703 2013 1875 2088 oratione
1903 2029 2037 2118 tegant.

517 2223 526 2238 ι
638 2137 769 2238 Neque
790 2135 916 2208 literas
938 2131 1088 2205 Graecas
1113 2128 1231 2203 didici
1254 2161 1261 2202 :
1286 2155 1425 2231 parum
1443 2130 1619 2232 placebat
1634 2158 1695 2207 eas
1716 2135 1872 2226 discere,
1898 2137 2039 2242 quippe

638 2258 793 2360 quaead
813 2257 994 2330 virtutem
1016 2252 1236 2327 doctoribus
1258 2249 1360 2325 nibil
1382 2251 1621 2355 profuerunt.
1672 2261 1722 2330 At
1743 2257 1809 2333 illa
1831 2260 1955 2333 multo
1971 2287 2037 2364 op·

640 2396 746 2454 tuma
777 2378 996 2481 reipublicae
1026 2375 1160 2450 doctus
1192 2400 1277 2448 sum
1299 2406 1306 2448 :
1330 2372 1476 2450 hostem
1506 2376 1637 2468 ferire,
1674 2381 1847 2482 praesidia
1873 2384 2037 2487 agitare;

637 2502 738 2580 nihil
754 2517 919 2576 metuere
940 2499 1012 2573 nisi
1036 2515 1187 2600 turpem
1206 2496 1366 2587 famam3
1390 2495 1554 2574 hiemem
1574 2515 1613 2573 et
1636 2507 1802 2576 testatem
1815 2504 1921 2580 iuxta
1939 2507 2037 2609 pati3

636 2623 747 2699 humi
777 2622 1030 2723 requiescum
1054 2618 1187 2724 eodem
1216 2633 1384 2721 tempore
1414 2619 1585 2722 inopiam
1606 2638 1644 2697 et
1676 2623 1845 2702 laborem
1868 2630 2033 2704 tolerare.

637 2747 705 2822 His
728 2770 803 2849 ego
826 2741 1023 2847 praeceptis
1048 2741 1186 2816 milites
1215 2739 1432 2815 hortabor:
1459 2768 1583 2845 neque
1607 2745 1692 2820 illos
1711 2766 1791 2824 arte
1811 2751 1951 2841 colam,
1976 2779 2033 2827 me

636 2868 859 2972 opulenter3
875 2889 1010 2966 neque
1037 2865 1197 2968 gloriam
1223 2890 1347 2939 meam
1375 2865 1545 2940 laborem
1567 2867 1723 2944 illorum
1757 2871 1903 2948 faciam.
1954 2877 2032 2949 Hoc

631 3008 689 3070 est
708 2990 825 3078 utile,
849 2987 925 3062 hoc
946 2986 1057 3062 civile
1075 2986 1289 3092 imperium.
1339 2977 1513 3091 Namque
1541 3018 1664 3093 quum
1680 3008 1761 3068 tute
1777 3022 1856 3102 per
1880 2997 2031 3072 molliti·
2078 3036 2080 3044 v

548 3261 562 3284 ,
632 3211 808 3291 mulslim.
828 3231 853 3269 1.
875 3206 971 3268 animi
983 3205 1126 3267 sementia
1144 3207 1204 3268 inc.
1224 3206 1333 3268 Fabric.
1353 3205 1443 3270 acad.
1473 3209 1541 3276 Eec.
1560 3211 1640 3272 Vrat.
1658 3213 1755 3274 Sonat.
1775 3215 1875 3276 Hauc.
1896 3218 2029 3281 Guclfia.

633 3316 663 3383 3.
677 3317 705 3378 6.
722 3336 771 3375 ra.
790 3315 903 3393 aliquot
917 3312 1029 3372 Wassii.
1051 3313 1208 3374 tarinae.
1229 3311 1336 3372 animis
1353 3322 1482 3392 reputato
1509 3315 1623 3396 aliquot
1638 3316 1715 3386 Rivii
1733 3317 1810 3379 libri.
1831 3323 1913 3381 Leid.
1929 3323 1987 3382 tt.
2000 3345 2029 3383 n.

626 3418 792 3498 proediceut
812 3417 878 3474 Scn.
895 3437 921 3474 ι.
943 3415 1025 3477 Fabr.
1046 3413 1115 3496 Τις.
1137 3414 1236 3476 Hecu.
1256 3418 1315 3480 inc.
1334 3438 1360 3476 1.
1381 3417 1443 3476 Bas.
1453 3419 1481 3489 d.
1498 3420 1585 3495 salsa
1607 3419 1722 3482 Fabric.
1746 3422 1814 3506 Τις.
1835 3425 1903 3484 Seu.
1917 3450 1942 3485 1.
1969 3427 2027 3487 Bas.

632 3523 662 3593 Δ.
682 3522 789 3584 Vin-a.
809 3521 868 3578 inc.
883 3539 907 3576 ι.
923 3519 1007 3578 ‚Vtut
1018 3539 1042 3576 1.
1063 3515 1160 3578 Guelf.
1171 3539 1239 3600 app.
1252 3518 1293 3580 'id
1302 3519 1511 3599 poenitendum
1531 3521 1645 3584 Fabric.
1668 3525 1746 3588 Rivii
1761 3527 1916 3590 etvini.
1934 3552 2029 3592 eornm

590 3617 593 3624 '
628 3644 717 3705 poan.
737 3623 825 3686 ceteri
838 3641 948 3684 omnes.
966 3621 1180 3701 poenitendum
1199 3621 1284 3682 Fabr.
1296 3642 1321 3688 1.
1345 3624 1462 3685 hastam
1475 3645 1541 3686 vex.
1565 3625 1651 3688 Febr.
1671 3629 1739 3690 Seu.
1751 3653 1776 3690 ι.
1801 3632 2026 3717 Guelta.7.1a.

625 3729 694 3789 Bas.
709 3726 737 3799 4.
757 3727 855 3802 Tunc.
877 3725 914 3784 iu
924 3726 1047 3786 adverso
1064 3744 1185 3804 corpore
1204 3736 1313 3806 septem
1331 3725 1425 3788 Cottii
1437 3728 1515 3790 libri.
1540 3733 1654 3812 aliquot
1667 3733 1755 3800 Rivii.
1775 3739 1900 3799 advorso
1916 3751 2029 3818 pectore

630 3834 700 3894 tin.
714 3854 739 3891 ι.
760 3831 822 3890 Bas.
835 3853 864 3896 r.
885 3850 979 3909 comp.
994 3849 1060 3890 meu
1072 3829 1162 3888 verba
1181 3827 1243 3887 Bas.
1257 3850 1281 3892 ι.
1301 3829 1408 3892 Vina.
1418 3832 1503 3893 Fabr.
1515 3854 1542 3894 a.
1558 3836 1632 3906 ¹sotis
1644 3838 1779 3898 ouantis.
1791 3841 1860 3900 satt's
1871 3861 1932 3902 om.
1942 3844 2026 3904 Fabr.

628 3959 663 4004 .1·
684 3937 781 4001 Gucll'.
803 3957 833 4017 7.
853 3937 970 3998 Vtata.
990 3953 1067 3992 unus
1076 3933 1189 3998 Wassii·
1206 3934 1383 4012 profuerant
1409 3937 1476 3996 San.
1496 3938 1596 3998 chss.
1615 3939 1677 4000 llas.
1695 3963 1719 4001 t.
1747 3945 1852 4004 Vinar.
1873 3945 1925 4007 Ac.
1941 3953 2025 4009 'th

626 4061 673 4106 ‚a.·
684 4039 788 4100 franc.
806 4037 903 4098 Guell.
922 4058 947 4096 ι.
963 4055 989 4098 a.
999 4035 1028 4096 3.
1038 4035 1067 4106 l.
1077 4035 1107 4094 6.
1133 4035 1214 4094 Leid.
1227 4035 1256 4095 b.
1270 4040 1600 4120 nspleriqchruteri,
1620 4043 1681 4110 duo
1696 4046 1810 4108 Wassii.
1825 4047 1884 4108 Eri.
1904 4049 1989 4116 Bam.
2001 4073 2027 4112 ι.

626 4144 727 4210 ,hostes
735 4141 833 4220 scrire
851 4161 953 4200 omnes
969 4141 1027 4199 lere
1041 4136 1076 4198 C.
1092 4137 1171 4198 libri.
1194 4141 1265 4200 itam
1279 4137 1367 4202 Rivii.
1377 4153 1418 4202 eu
1428 4146 1528 4210 nostri.
1548 4146 1660 4208 hostem
1679 4147 1748 4211 Ecc.
1767 4149 1830 4218 Bas.
1843 4173 1868 4210 a.
1880 4151 1909 4223 Δ.
1930 4175 2027 4216 omncs

624 4245 843 4334 meidlpratar
856 4246 888 4324 i.)
906 4247 946 4305 ita
956 4244 1041 4310 Grut.
1054 4243 1146 4310 tht·
1157 4243 1279 4310 flavere.
1300 4243 1424 4314 tiam
1436 4258 1565 4318 comem
1583 4251 1650 4320 Seu.
1664 4275 1691 4316 ι.
1710 4251 1814 4324 Eranc.
1828 4255 1972 4348 ,Gadi-,7-
1982 4279 2024 4323 ιο.
