4542 5318
1632 433 1702 530 267
1760 449 1766 462 ¹

303 613 415 704 soles,
441 613 612 718 pervade.
664 613 838 714 Namque
856 623 924 684 aut
951 617 996 685 tu
1014 609 1156 690 mederi
1176 625 1305 713 potes,
1328 627 1396 684 aut
1417 608 1628 685 omittenda
1651 623 1707 684 est

304 765 397 813 cura
415 739 602 812 omnibus.
652 739 782 838 Neque
805 734 1010 836 quisquam
1037 749 1072 810 te
1100 733 1151 808 ad
1171 733 1333 808 crudelis
1354 757 1487 835 poenas
1509 749 1583 806 aut
1605 757 1708 806 acer-

304 860 353 934 ba
373 859 514 934 iudicia
531 859 704 948 invocat,
728 856 868 960 quibus
884 855 1016 931 civitas
1029 872 1198 930 vastatur
1213 855 1330 959 magis
1347 881 1465 956 Qum
1483 853 1708 960 corrigitur,

304 982 369 1058 sed
391 983 450 1057 uti
479 1008 613 1086 pravas
646 997 742 1056 artes
771 978 964 1080 malasque
994 976 1185 1053 lubidines
1207 980 1256 1052 ab
1279 978 1477 1052 iuventute
1496 975 1708 1080 prohibeas.

305 1105 360 1178 Ea
381 1130 468 1179 vera
492 1103 693 1179 clementia
717 1101 810 1192 erit,
835 1099 1088 1188 consuluisse,
1115 1127 1165 1176 ne
1180 1100 1370 1175 immerito
1382 1099 1482 1175 cives
1505 1100 1630 1202 petria
1646 1125 1709 1173 ex-

306 1216 567 1330 pellerentur3
592 1223 789 1302 retinuisse
803 1225 852 1299 ab
868 1221 1031 1298 stultitia
1058 1239 1096 1298 et
1119 1223 1222 1298 salsis
1246 1223 1527 1328 voluptatibus;
1553 1221 1710 1325 pocem,

301 1348 553 1424 concordiam
576 1347 795 1424 stabilivisse
826 1378 834 1420 ε
872 1371 972 1435 non,
996 1343 1027 1419 si
1053 1344 1207 1449 flagitiis
1228 1346 1445 1435 obsecutus,
1469 1343 1608 1420 delicia
1625 1368 1710 1448 per-

308 1495 452 1574 pessus,
476 1493 636 1573 prtesens
658 1467 843 1573 gaudium
861 1494 951 1542 cum
974 1493 1063 1542 mox
1085 1466 1217 1542 futuro
1245 1467 1347 1543 malo
1374 1468 1605 1544 concesseris.
1655 1469 1736 1546 scr

203 1613 208 1626 ·
309 1589 407 1665 mibi
425 1592 593 1682 animus,
615 1592 755 1694 quibus
772 1589 884 1666 rebus
899 1590 967 1664 alii
988 1591 1145 1679 timent,
1169 1615 1346 1665 maxume
1362 1589 1480 1664 fretus
1505 1605 1575 1679 est,
1601 1615 1713 1694 nego-

311 1715 354 1787 tii
378 1714 643 1816 magnitudine
666 1729 704 1788 et
728 1712 820 1815 quie
839 1711 910 1785 tibi
930 1727 1040 1786 terroe
1066 1713 1242 1786 etmarias
1266 1710 1381 1786 simul
1407 1710 1536 1786 omniu
1560 1737 1714 1814 compo·

312 1836 438 1910 nenda
461 1852 560 1912 sunt
598 1835 755 1938 Quippe
769 1859 825 1908 res
843 1857 976 1935 parvas
997 1841 1150 1908 tontum
1168 1833 1366 1936 ingenium
1382 1833 1567 1936 attingere
1579 1831 1716 1935 nequi-

311 1975 394 2032 ret:
419 1971 565 2061 maguoe
591 1983 692 2032 curoe
728 1981 864 2060 magno
886 1979 1027 2030 merces
1049 1969 1114 2033 est
1166 1957 1288 2057 Igitur
1313 1955 1508 2057 provideas
1544 1971 1714 2056 oportet,

312 2080 371 2154 uti
385 2081 530 2182 plebes,
547 2078 812 2182 largitionibus
832 2092 870 2152 et
886 2075 1044 2179 publico
1061 2075 1258 2152 frumento
1275 2093 1473 2180 corrupta,
1495 2076 1716 2152 habeatne-

313 2203 414 2306 gotio
434 2225 520 2288 sua,
548 2201 688 2300 quibus
705 2199 754 2276 ab
775 2199 877 2274 malo
897 2199 1055 2300 publico
1074 2199 1293 2273 detineatur
1317 2234 1324 2272 :
1352 2201 1527 2274 iuventus
1549 2201 1717 2302 probita-

316 2324 345 2396 ti
358 2337 396 2397 et
416 2322 631 2410 industriae,
657 2347 737 2396 non
750 2319 967 2421 sumptibus
986 2345 1112 2420 neque
1135 2321 1277 2396 divitiis
1297 2321 1455 2398 studeat
1506 2321 1551 2396 ld
1569 2321 1626 2396 ita'
1637 2349 1718 2398 eve-

314 2445 413 2544 niet,
437 2443 469 2517 si
489 2441 678 2544 pecuniae,
702 2463 789 2542 quae
805 2465 984 2514 maxuma
1016 2440 1197 2514 omnium·
1214 2443 1400 2543 pernicies
1423 2461 1497 2533 est,
1523 2469 1636 2521 usum
1662 2463 1719 2519 at

315 2594 390 2670 que
410 2565 524 2642 decus
545 2561 730 2638 demseris.
779 2561 877 2636 Nam
906 2585 1003 2663 saepe
1030 2586 1098 2662 ego
1124 2587 1215 2635 cum
1242 2563 1377 2637 animo
1409 2591 1493 2640 meo
1517 2584 1720 2668 reputans,

316 2690 456 2794 quibus
482 2687 643 2790 quisque
660 2683 773 2760 rebus
800 2675 986 2758 clori'viri
1012 2682 1318 2786 magnitudinem
1347 2684 1595 2781 invenissent,
1617 2715 1722 2792 quse-

317 2840 393 2918 que
408 2838 465 2888 res
478 2809 640 2916 populos
657 2807 880 2882 nationesve
892 2807 1039 2911 magnis
1060 2805 1305 2883 auctionibus
1320 2806 1531 2902 auxissent,
1556 2836 1600 2884 ac
1613 2810 1722 2892 deiu-

317 2937 385 3025 de,
402 2936 542 3039 quibus
558 2932 695 3008 caussis
707 2931 951 3034 amplissume
970 2955 1085 3030 regua
1102 2945 1141 3003 et
1156 2927 1314 3031 imperia
1330 2929 1576 3006 sonuissent:
1590 2933 1723 3009 eadem

286 3122 288 3134 .
318 3083 465 3162 semper
482 3057 585 3132 bona
617 3073 732 3158 atque
758 3054 860 3129 mala
887 3051 1139 3155 reperiebam,
1162 3077 1368 3154 omnesque
1387 3053 1545 3127 victores
1572 3053 1723 3138 divitias

319 3179 582 3280 contempsisse
601 3175 773 3252 strictos
790 3175 983 3278 cupivisse.
1032 3177 1163 3277 Neque
1186 3174 1298 3249 aliter
1317 3174 1521 3277 quisquam
1543 3179 1724 3255 extollere

319 3329 396 3380 sese
410 3319 449 3378 et
467 3300 597 3376 divina
614 3297 784 3373 mortalis
799 3297 998 3401 attingere
1024 3313 1164 3399 potest,
1189 3297 1285 3387 nisi,
1310 3297 1454 3372 omissis
1482 3301 1657 3402 pecuniae
1686 3317 1725 3376 et

321 3423 491 3527 corporis
504 3420 664 3527 gaudiis,
681 3419 811 3494 animo
824 3418 1038 3524 indulgens,
1048 3446 1129 3494 non
1142 3419 1366 3496 assentando
1379 3446 1504 3522 neque
1517 3423 1723 3526 concupito

321 3544 543 3653 praebendo,
564 3567 775 3647 perversam
787 3541 949 3644 gratiam
964 3541 1199 3647 gratificans,
1220 3541 1347 3617 sedin
1371 3543 1518 3631 labore,
1538 3545 1724 3647 patientia

322 3672 508 3773 bonisque
520 3661 716 3772 praeceptis
735 3681 773 3740 et
789 3663 898 3741 factis
915 3663 1079 3739 fortibus
1094 3663 1345 3739 exercitando.
1370 3665 1468 3740 Nam
1478 3665 1637 3740 domum
1657 3683 1754 3748 aute

323 3792 454 3867 villum
481 3806 688 3876 exstruere,
719 3813 879 3891 eamque
899 3786 1034 3892 signis,
1062 3787 1191 3863 auloeis
1216 3787 1375 3890 aliisque
1406 3788 1582 3889 operibus
1619 3815 1726 3864 exor-

323 3941 432 4003 nare,
456 3929 494 3990 et
509 3911 638 3988 omnia
658 3911 784 4014 potius
801 3938 918 4015 quam
937 3925 1054 3986 semet
1072 3911 1271 3990 visendum
1293 3893 1462 4002 efficere;
1487 3908 1529 3983 id
1551 3925 1621 4002 est,
1646 3939 1726 3988 non
1838 3897 1842 3904 ¹

325 4038 481 4115 divitas
492 4034 619 4111 decori
635 4033 796 4123 satem,
821 4033 887 4110 ses
901 4016 1034 4143 ‘ipsum
1057 4033 1133 4109 uas
1153 4032 1297 4140 flagra
1322 4055 1406 4109 esse..
1438 4033 1556 4110 Porro
1573 4034 1625 4128 u,
1641 4036 1728 4138 qui-
1761 4123 1770 4132 ,

326 4235 387 4314 quit
407 4235 504 4295 essert
524 4235 613 4293 ἀεεω
630 4229 787 4292 adnuae
806 4229 893 4292 Fabri
909 4241 938 4290 et
954 4231 1030 4290 Bric.
1051 4249 1168 4307 quoew
1184 4250 1229 4290 res
1243 4229 1364 4310 populos
1384 4249 1486 4316 omncs
1500 4231 1577 4294 titrt.
1599 4252 1653 4312 qus
1666 4253 1729 4296 om.

327 4339 408 4400 Cort
431 4337 546 4418 maguis
562 4334 743 4399 auctionibus
762 4333 848 4396 Fabri
863 4342 892 4393 et
909 4332 984 4394 Brio.
1005 4332 1171 4394 auctoribus
1185 4331 1278 4396 vatic.
1298 4366 1340 4381 -
1372 4329 1447 4417 Cap.
1459 4337 1489 4398 8.
1509 4355 1629 4417 sorsque
1639 4337 1730 4418 signu

1304 4437 1329 4490 ’lt
