4582 5320
606 447 652 522 72

604 625 646 676 ee
673 595 822 676 bellum
853 597 1024 672 mutavit.
1063 593 1159 668 Nam
1179 594 1221 670 in
1244 593 1332 700 luga
1365 595 1527 670 salutem
1547 620 1717 700 sperare,
1743 621 2000 696 quumarma.

605 725 692 828 quis
720 747 858 827 corpus
887 721 1043 825 tegitur,
1069 719 1118 793 ab
1139 716 1311 793 hostibus
1336 719 1533 808 avorteris,
1559 745 1602 792 ea
1626 745 1715 794 vero
1735 717 1925 793 dementia
1943 735 2005 794 est

606 849 760 950 Semper
784 845 825 919 in
849 844 981 948 praelio
1003 867 1228 918 maxumum
1244 859 1298 917 est
1314 839 1551 945 periculum,
1576 841 1644 942 qui
1657 868 1834 946 maxume
1855 835 2005 918 timent:

608 968 768 1046 audacia
802 993 873 1071 pro
909 993 1020 1042 muro
1053 965 1228 1041 babetur.
1271 965 1502 1063 Quum'vos
1533 964 1750 1054 considero,
1784 965 1940 1054 milites,
1970 983 2008 1041 et

606 1119 729 1196 quum
753 1089 854 1164 facta
877 1105 997 1165 vestra
1020 1105 1197 1180 aestumo,
1221 1115 1359 1193 magna
1378 1115 1439 1164 me
1467 1113 1548 1195 spes
1566 1088 1734 1168 rictoriae
1758 1104 1870 1163 tenet.
1918 1091 2008 1166 Ani-

607 1241 712 1305 mus,
737 1230 845 1304 aetas,
886 1213 1009 1287 ¹virtus
1036 1228 1159 1287 restra
1189 1239 1250 1286 me
1279 1211 1506 1305 hortantur3
1539 1227 1719 1315 praeterea
1755 1211 2008 1304 necessitudo,

606 1365 694 1442 quae
716 1337 835 1413 etiam
862 1336 1012 1410 timidos
1043 1335 1150 1410 fortis
1177 1335 1283 1410 facit
1322 1336 1420 1411 Nam
1449 1333 1659 1409 multitudo
1684 1332 1852 1408 bostium
1871 1363 1920 1411 ne
1940 1339 2010 1412 cir-

608 1461 827 1537 cumvenire
845 1477 977 1561 queat,
1003 1441 1211 1562 piobibent
1227 1459 1408 1564 angrrstiae
1430 1457 1513 1532 loci.
1562 1458 1711 1554 Quodsi
1733 1457 1866 1532 virtuti
1884 1478 2010 1536 vestrae

607 1585 763 1660 fortuna
790 1583 991 1671 inviderit,
1014 1599 1159 1670 cavete,
1175 1582 1293 1656 inulti
1316 1582 1485 1654 animam
1497 1581 1704 1674 amittatis3
1729 1607 1805 1654 neu
1823 1584 1926 1685 capti
1946 1612 2012 1688 po-

611 1709 703 1796 tius,
728 1707 840 1781 sicuti
860 1730 1016 1807 pecora,
1043 1703 1313 1792 trucidemini,
1338 1731 1455 1805 quam
1476 1704 1647 1778 virorum
1668 1732 1772 1780 more
1792 1725 2012 1807 pugnantes,

611 1846 812 1906 cruentam
831 1843 946 1930 atque
967 1826 1182 1900 'luctuosam
1206 1825 1405 1901 victoriam
1426 1825 1599 1902 hostibus
1622 1826 1878 1932 relinquatis.”

565 1974 601 2052 ⁵9
715 1955 806 2026 Haec
824 1949 891 2024 ubi
917 1948 1030 2038 dixit,
1056 1947 1277 2050 paullulum
1300 1966 1574 2039 commoratus,
1599 1951 1704 2053 signa
1731 1976 1868 2026 canere
1892 1952 2017 2049 iubet5

613 2091 729 2177 atque
753 2073 957 2145 instructos
976 2069 1126 2144 ordines
1145 2071 1333 2146 inlocum
1355 2098 1508 2174 aequum
1530 2073 1693 2148 deducit
1729 2073 1849 2162 Dein,
1867 2078 2017 2152 remotis

616 2197 791 2273 omnium
820 2194 946 2296 equis,
970 2219 1049 2294 quo
1077 2193 1284 2282 militibus,
1317 2212 1513 2295 exaequato
1542 2195 1731 2299 periculo,
1768 2197 1918 2271 unimus
1940 2226 2019 2274 am·

616 2321 719 2424 plior
738 2333 846 2406 esset,
868 2317 945 2420 ipse
970 2315 1083 2418 pedes
1107 2315 1328 2404 exercitum,
1356 2343 1426 2418 pro
1451 2316 1534 2391 loco
1558 2335 1672 2420 atque
1693 2319 1831 2421 copiis,
1857 2319 2018 2406 instruit,

616 2445 735 2533 Nam,
754 2439 813 2514 uti
837 2437 1015 2542 planities
1040 2452 1122 2514 erat
1143 2437 1244 2513 inter
1270 2437 1439 2517 sinistros
1456 2457 1621 2530 montes,
1646 2458 1685 2516 et
1704 2441 1754 2517 ab
1776 2441 1907 2518 dextra
1927 2482 2021 2560 rupe

615 2670 731 2734 wanti.
752 2687 787 2728 eo
806 2685 877 2726 vero
897 2665 1045 2726 dementia
1064 2666 1231 2726 vetustiores
1243 2665 1370 2726 Gurteri.
1391 2667 1471 2728 Leid.
1491 2687 1516 2727 e.
1536 2669 1555 2727 i.
1576 2667 1611 2728 iis
1630 2689 1803 2728 maxumum
1822 2688 1924 2728 omnes
1941 2668 2021 2740 Laid,

619 2777 705 2834 multi
724 2772 817 2832 Cottii
831 2770 908 2830 libri.
930 2769 976 2829 lu's
994 2772 1093 2850 plures
1105 2767 1181 2828 libri.
1204 2767 1261 2830 illis
1275 2773 1335 2830 ino.
1350 2791 1376 2831 2.
1398 2771 1495 2832 Gueli.
1512 2792 1557 2833 ι2.
1578 2793 1743 2853 pronomen
1756 2793 1817 2834 om.
1838 2772 1899 2838 Bas.
1914 2794 1938 2832 r.
1957 2774 2022 2832 Seu·

623 2900 649 2942 r.
670 2877 775 2936 Franc.
795 2875 881 2934 Fabr.
894 2885 989 2954 uterq.
1018 2873 1085 2933 Ecc.
1107 2871 1206 2936 Guell.
1217 2894 1245 2934 2.
1275 2883 1315 2934 est
1330 2895 1392 2934 orn.
1405 2875 1490 2936 bem.
1508 2881 1535 2939 5.
1559 2877 1747 2958 humeridus.
1762 2899 1787 2942 2.
1800 2878 1829 2937 3.
1842 2878 1869 2948 4.
1891 2895 1937 2935 me
1954 2897 2022 2955 spes.

621 3001 668 3040 me
687 2980 764 3040 delet
777 2979 862 3038 Rem.
880 2997 906 3036 2.
928 2980 1028 3037 locum
1046 2986 1143 3036 mutat
1159 2978 1191 3036 in
1205 2975 1303 3036 Guell.
1316 3001 1347 3058 7.
1358 2979 1390 3038 ’8.
1410 2999 1455 3038 ro.
1477 2978 1538 3040 lias.
1555 3001 1583 3041 2.
1604 2984 1663 3042 ine.
1679 3003 1705 3048 2,
1727 3002 1773 3041 mc
1783 2983 1941 3042 honorati·
1954 3001 2026 3062 pro-

622 3105 706 3145 nom.
726 3095 755 3144 et
770 3081 831 3142 boc
848 3085 915 3140 loco
940 3081 1056 3162 ignorat
1083 3081 1177 3142 sum.
1201 3083 1236 3139 'iu
1259 3082 1323 3140 aliis
1341 3082 1420 3142 sedes
1433 3084 1534 3146 rurist.
1557 3084 1715 3146 multitudo
1736 3085 1871 3146 hostium.
1901 3083 2027 3144 hostium

623 3209 684 3250 om.
710 3189 793 3248 Rem.
811 3206 837 3249 2.
864 3204 917 3244 nos
935 3193 1022 3262 queat
1050 3183 1131 3244 Leid.
1144 3183 1174 3242 d.
1195 3185 1339 3264 angustia
1355 3187 1421 3246 lori.
1443 3187 1501 3246 loci
1513 3185 1624 3247 abesto
1643 3188 1741 3252 Guell.
1756 3191 1785 3250 3.
1805 3189 1910 3250 virtuti
1920 3199 2028 3248 nostran

623 3291 708 3352 Febr.
724 3313 750 3350 2.
772 3289 869 3350 Gueli.
884 3309 930 3347 ιι.
950 3290 1031 3366 quod
1048 3288 1280 3364 sifortevirtuti
1295 3293 1393 3371 plures
1409 3289 1496 3352 Rivii.
1518 3302 1613 3352 cavere
1626 3313 1671 3357 ne.
1694 3315 1731 3354 ne
1745 3315 1805 3354 om.
1822 3293 1939 3356 Comm.
1959 3293 2027 3352 Nar.

625 3392 713 3451 Palat.
729 3394 762 3451 5.
776 3393 838 3450 Bas.
856 3414 881 3450 ι.
910 3392 1007 3452 Guelf.
1023 3413 1048 3452 2.
1062 3391 1090 3463 i·
1116 3391 1197 3454 Leid.
1210 3415 1238 3454 a.
1249 3394 1280 3453 b.
1292 3417 1318 3456 e.
1334 3395 1364 3456 (l.
1376 3399 1400 3462 l.
1414 3416 1445 3461 n.
1467 3398 1548 3477 copti
1556 3397 1651 3476 potius
1664 3398 1702 3460 ab
1720 3399 1892 3460 unoWassii
1910 3400 2028 3461 exsulat

626 3495 715 3558 ritum
725 3515 786 3554 um.
807 3493 887 3556 laid.
906 3494 971 3557 ἰὼ

600 3713 604 3722 ,
692 3661 765 3744 Cap.
777 3662 825 3742 59.
847 3659 971 3722 reduit
989 3659 1056 3724 Ere.
1077 3661 1187 3722 dehinc
1206 3664 1290 3724 Rem.
1309 3689 1334 3724 ι.
1362 3667 1433 3727 dein
1453 3689 1528 3730 unus
1538 3670 1624 3736 Rtvti.
1645 3670 1707 3730 Bas.
1723 3693 1749 3731 r.
1770 3672 1838 3734 Tur.
1854 3695 1879 3739 ι.
1899 3674 2031 3734 omnium

629 3770 716 3850 equis.
738 3766 872 3828 omnibus
890 3763 1004 3828 Fabric.
1019 3785 1044 3822 ι.
1066 3763 1163 3826 Guell.
1179 3767 1207 3825 5.
1227 3767 1345 3828 Leidu.
1367 3790 1443 3830 unus
1460 3771 1573 3833 Wassii
1594 3773 1663 3839 Tur.
1682 3797 1707 3844 1,
1729 3797 1786 3854 quo
1796 3777 1940 3858 peditibus
1960 3782 2032 3860 plu·

629 3895 673 3938 res
686 3873 790 3936 Wassii
807 3881 836 3930 et
853 3869 931 3934 ludi
954 3867 1032 3927 libri.
1052 3868 1180 3948 amplior
1199 3881 1277 3934 uret.
1297 3874 1595 3939 autumaretur.
1616 3878 1755 3940 instruat
1779 3881 1883 3945 Frane.
1904 3882 1989 3942 Rem.
2007 3903 2032 3940 r.

628 3983 688 4039 inc.
706 3999 733 4038 2.
763 3973 860 4036 Guell.
874 3975 902 4044 d.
920 3993 964 4032 rr.
985 3971 1067 4030 Leid.
1081 3973 1103 4031 i.
1117 3993 1158 4031 m.
1187 3973 1318 4036 oimstros
1337 3987 1457 4038 mordes.
1486 3990 1579 4049 mont,
1595 4003 1655 4043 om.
1670 3984 1766 4044 Guell.
1778 3986 1807 4045 6.
1827 3987 1910 4046 etob.
1930 3995 1959 4046 et
1972 4007 2032 4049 om.

629 4083 715 4147 Bem.
735 4103 760 4142 r.
782 4089 894 4140 montes
906 4086 934 4136 et
946 4076 1023 4136 delet
1034 4075 1132 4136 Guell.
1146 4077 1174 4147 4.
1196 4097 1215 4136 o
1226 4079 1334 4139 dextro
1353 4081 1415 4146 Bas.
1431 4103 1455 4141 r.
1470 4084 1498 4153 4.
1518 4084 1603 4145 Beru.
1616 4106 1643 4146 2.
1666 4108 1736 4168 rupe
1749 4109 1862 4170 aspera.
1880 4093 1921 4152 ita
1937 4092 2035 4172 pluri·

631 4189 674 4248 mi
689 4197 717 4252 et
732 4185 838 4270 optimi
854 4181 949 4246 Cottii
962 4180 1042 4244 libri.
1062 4201 1097 4241 ox
1115 4180 1195 4242 Leid.
1208 4182 1264 4241 e.i.
1280 4181 1311 4248 b.
1324 4185 1352 4244 k.
1370 4188 1390 4243 l.
1411 4186 1503 4248 Mark.
1517 4199 1552 4251 Λ.
1573 4189 1644 4272 Reg.
1675 4211 1777 4272 nrpem
1796 4213 1930 4274 asperam
1949 4195 2033 4255 Paris.

624 4291 663 4364 J).
678 4288 757 4352 [eid.
768 4285 1045 4370 npluraerteri.
1069 4286 1131 4362 Bas.
1142 4286 1170 4364 4.
1193 4305 1275 4368 rupes
1288 4308 1404 4369 cspnos
1422 4289 1503 4354 leid.
1523 4313 1549 4354 e.
1568 4313 1611 4357 m.
1624 4313 1682 4362 see.
1703 4317 1785 4378 rupes
1804 4318 1907 4380 aspera
1926 4299 2035 4360 uanu-
