4582 5320
1669 471 1737 546 1⁰7

347 617 497 694 obviam
526 616 613 692 isse:
645 617 836 723 populum
863 619 1080 693 Romanum
1108 643 1234 719 neque
1261 636 1361 696 recte
1395 647 1521 726 neque
1546 647 1617 727 pro
1636 624 1741 702 bono

340 741 552 832 facturum,
576 741 608 815 si
630 743 680 814 ab
699 742 782 816 iure
804 741 976 845 gentium
993 765 1070 816 sese
1092 738 1358 842 prohibuerit:
1385 762 1574 849 postremo
1598 745 1645 820 de
1662 771 1741 822 om·

337 864 452 940 nibus
466 863 578 940 rebus
594 864 732 968 legatos
751 867 911 938 Romam
933 862 1039 940 brevi
1055 864 1268 939 missurum
1292 869 1308 902 '’
1356 868 1415 940 Ita
1436 867 1591 967 utrique
1620 867 1742 972 digre-

337 985 509 1062 diuntur.
558 984 784 1062 Adherbalis
822 985 1043 1089 adpellandi
1070 987 1179 1090 copia
1213 1012 1294 1062 uon
1319 987 1404 1068 fuit
1454 989 1640 1092 Iugurtha
1669 991 1739 1066 ubi
1752 991 1790 1054 ²3

336 1135 396 1198 aus
413 1109 541 1185 Africa
559 1109 751 1186 decessisse
766 1125 871 1183 ratus
887 1125 961 1202 est,
979 1135 1106 1211 neque
1123 1126 1280 1214 propter
1297 1111 1371 1186 loci
1389 1127 1570 1187 naturam
1595 1113 1741 1188 Cirtam

335 1232 448 1308 armis
466 1251 683 1338 expugnare
693 1247 834 1336 potest3
857 1230 960 1306 vallo
975 1247 1090 1335 atque
1105 1229 1200 1306 fossa
1217 1211 1361 1308 moeuia
1371 1233 1584 1310 circumdat
1599 1292 1609 1325 ,
1625 1233 1742 1310 turris

334 1355 493 1431 exstruit
518 1380 655 1457 easque
682 1353 865 1457 praesidiis
892 1352 1049 1429 firmat:
1075 1371 1256 1458 praeterea
1283 1355 1362 1431 dies
1402 1372 1632 1459 noctesque,
1671 1372 1742 1432 aut

334 1476 518 1580 pervim,
544 1492 614 1552 aut
639 1476 736 1551 dolis
760 1491 965 1579 temptare,
980 1474 1243 1552 defensoribus
1264 1478 1455 1553 moenium
1473 1478 1631 1582 praemia
1656 1503 1737 1554 mo·

334 1599 405 1690 do,
429 1600 545 1675 modo
565 1598 811 1674 formidinem
827 1612 1038 1688 ostentare,
1061 1624 1147 1674 suos
1168 1597 1361 1678 hortando
1385 1601 1439 1676 ad
1469 1602 1652 1676 virtutem
1677 1627 1738 1675 ar·

335 1723 467 1825 rigere:
491 1747 645 1826 prorsus
661 1721 832 1795 intentus
850 1735 990 1794 cuncto
1005 1745 1150 1824 parare.
1206 1721 1421 1811 Adherbal,
1438 1722 1507 1797 ubi
1530 1721 1739 1826 intellegit,

335 1845 567 1922 omnisonae
594 1843 768 1920 fortunas
802 1842 845 1917 in
876 1857 1044 1917 extremo
1067 1843 1177 1932 sitas,
1201 1841 1348 1918 hostem
1371 1844 1576 1935 infestum,
1605 1843 1740 1920 auxilii

335 1993 438 2070 spem
469 1967 640 2056 nullam,
670 1965 833 2070 penuria
863 1989 994 2038 rerum
1020 1965 1317 2039 necessariarum
1340 1965 1489 2040 bellum
1523 1965 1626 2041 trahi
1660 1992 1742 2040 non

334 2113 437 2192 posse
444 2121 456 2181 3
477 2115 524 2164 ex
540 2087 622 2179 his,
650 2087 719 2190 qui
747 2113 826 2162 una
851 2085 995 2160 Cirtam
1012 2085 1284 2191 profugerant,
1308 2087 1404 2163 duos
1428 2114 1606 2163 maxume
1629 2085 1743 2193 impi-

334 2237 416 2314 gros
443 2209 599 2316 delegit,
637 2236 699 2285 eos
734 2208 858 2282 multo
884 2207 1103 2311 pollioendo
1128 2235 1173 2282 ae
1210 2209 1426 2284 miserando
1459 2235 1590 2286 casum
1624 2231 1739 2286 suum

335 2333 553 2424 coufirmat,
577 2333 637 2409 uti
655 2358 725 2435 per
741 2329 911 2404 hostium
934 2330 1167 2405 munitiones
1188 2347 1308 2406 noctu
1332 2332 1383 2407 ad
1403 2359 1639 2434 proxumum
1660 2358 1742 2408 ma-

336 2484 393 2547 re,
418 2455 510 2532 dein
531 2459 691 2530 Romam
719 2467 927 2556 pergerent
976 2451 1153 2526 Numidae
1185 2453 1317 2554 paucis
1342 2454 1475 2528 diebus
1502 2455 1599 2530 iussa
1628 2456 1791 2530 effici-24

336 2595 436 2672 unt;
466 2574 586 2654 litarae
619 2573 846 2652 Adherbalis
878 2573 922 2648 in
957 2573 1100 2647 Senatu
1125 2573 1315 2663 recitatae,
1354 2599 1523 2676 quarum
1550 2576 1740 2652 sententia

336 2703 416 2778 haeo
435 2701 519 2778 fuit

335 2844 449 2909 ham
467 2847 537 2930 Tog.
557 2847 619 2907 Bas.
635 2845 700 2918 hd·
720 2845 790 2906 Tur.
810 2841 988 2904 salariolas
1006 2841 1092 2902 Fabr.
1114 2840 1177 2901 Bos.
1193 2839 1264 2912 ud.
1293 2839 1389 2902 Struv.
1421 2842 1481 2907 ine.
1501 2839 1741 2902 sen.1.v1n.2.

336 2952 432 3014 Guelf.
446 2974 473 3013 ι.
486 2972 513 3013 ι.
526 2975 556 3034 9.
576 2953 635 3012 Erl.
654 2951 724 3034 Τις.
744 2951 830 3010 Bem.
846 2971 872 3009 1.
884 2953 912 3011 ὅ.
934 2947 995 3008 sius
1014 2946 1117 3010 seeleri
1133 2944 1219 3006 Grut.
1239 2945 1332 3012 Wass.
1353 2946 1475 3009 llorere.
1494 2965 1583 3026 prou.
1603 2965 1665 3004 om.
1684 2944 1743 3005 ali·

336 3067 407 3138 quot
419 3057 508 3119 hirii.
527 3055 597 3116 Tur.
615 3053 822 3136 prohibuerint
843 3054 930 3116 Paris.
943 3052 973 3111 d.
994 3050 1108 3112 Fobrie.
1125 3071 1150 3116 ι.
1169 3049 1266 3128 itaquo
1281 3047 1397 3129 utrique
1415 3047 1502 3108 Fabr.
1517 3069 1543 3108 ι.
1563 3049 1660 3110 Strur.
1682 3048 1742 3111 inc.

337 3181 365 3222 ι.
384 3160 489 3222 franc.
509 3158 606 3220 Guelf.
621 3181 652 3241 9.
667 3180 714 3219 ιι.
733 3159 794 3218 ΕιΙ.
814 3155 980 3218 Adlurbub'
996 3157 1092 3218 Strur.
1111 3156 1172 3216 ine.
1186 3174 1213 3214 a.
1232 3153 1313 3216 Vrat.
1324 3172 1352 3212 2.
1372 3151 1454 3217 Leid.
1468 3173 1496 3212 ι.
1511 3172 1538 3212 ο.
1551 3152 1572 3211 f.
1586 3149 1617 3210 h.
1633 3151 1661 3216 k.

405 3301 479 3386 cap.
491 3303 540 3365 ιδ.
559 3301 717 3364 ἅίιοειιίςιο
734 3302 815 3361 Vrat.
834 3299 903 3360 vin.
918 3320 946 3360 ι.
965 3295 1056 3358 dead.
1076 3296 1182 3357 Frena.
1200 3295 1268 3356 Son.
1281 3314 1308 3354 ι.
1329 3293 1431 3354 Hense.
1450 3287 1536 3354 llern.
1552 3314 1578 3354 1.
1591 3293 1621 3354 ὅ.
1643 3291 1743 3354 Guelf.

337 3407 366 3472 3.
380 3431 410 3492 7.
424 3431 469 3470 ιι.
490 3408 528 3468 ab
540 3404 609 3484 Asr.
629 3405 696 3466 Eec.
716 3405 784 3464 Seu.
798 3423 826 3464 a.
843 3404 947 3493 'Reuss
968 3400 1066 3461 Guelf.
1080 3423 1108 3481 7.
1121 3421 1152 3480 9.
1168 3397 1290 3479 per-loci
1298 3407 1440 3458 naturum
1452 3397 1574 3470 Monob.
1588 3397 1655 3458 uir.
1681 3416 1744 3462 nu·

336 3523 434 3576 uram
448 3512 508 3574 loci
525 3509 584 3571 boo
596 3509 701 3570 ordine
717 3509 803 3568 Grut.
823 3508 914 3571 wan.
936 3507 1059 3566 llorere.
1085 3503 1171 3564 Born.
1188 3524 1215 3563 ι.
1242 3501 1302 3564 loei
1314 3511 1378 3563 not.
1404 3499 1467 3562 uu.
1482 3521 1508 3560 ι.
1520 3501 1554 3572 4.
1581 3501 1653 3562 Tur.
1680 3498 1743 3562 ut·

337 3625 435 3680 noctes
453 3617 513 3678 ine.
528 3635 539 3674 ι
564 3615 655 3675 modo
666 3613 765 3673 modo.
785 3614 909 3670 alterum
926 3611 1015 3670 modo
1027 3627 1089 3669 οιιι.
1109 3608 1171 3668 Bas.
1184 3629 1210 3668 ι.
1229 3605 1320 3670 dead.
1347 3606 1428 3669 Vrat.
1445 3603 1514 3672 ab.
1541 3605 1610 3667 Eoo.
1641 3604 1742 3666 Guelf.

339 3743 367 3806 7.
381 3741 427 3782 ιι.
448 3718 544 3782 omnis
557 3718 775 3794 mossarrtunus
793 3715 855 3780 Bas.
868 3735 894 3774 1.
915 3711 1005 3775 Aoad.
1024 3713 1121 3775 Strav-
1142 3712 1202 3776 ine.
1215 3732 1243 3772 a.
1263 3710 1335 3774 Τιιι.
1355 3711 1395 3770 ita
1409 3711 1496 3772 etiam
1512 3709 1633 3771 llorere.
1657 3705 1743 3776 erri-

335 3845 404 3907 gem
422 3822 504 3888 Leid.
515 3827 536 3882 Ι.
557 3827 655 3904 plnres
666 3819 759 3881 Cottii
772 3818 851 3880 libri.
870 3818 963 3884 Mart
982 3829 1017 3880 Δ.
1038 3816 1100 3876 Bas.
1116 3837 1143 3882 1.
1166 3815 1252 3876 Baro.
1272 3817 1302 3878 ὅ.
1324 3811 1466 3892 intellegit
1489 3810 1575 3872 fabr.
1594 3830 1621 3869 ι.
1641 3808 1703 3870 Bae.
1715 3829 1742 3870 ι.

337 3929 434 3994 Senot.
448 3948 475 3987 ι.
495 3925 688 3988 uenenarium
708 3923 805 3988 Guelf.
823 3943 850 3984 1.
864 3927 894 3985 3.
913 3921 965 3983 Ae.
984 3919 1080 3984 Strur.
1099 3919 1185 3981 Rom.
1198 3938 1226 3980 ι.
1247 3917 1318 4001 lleg.
1339 3916 1457 3980 turtio.
1485 3913 1579 3974 multa
1595 3911 1743 3993 pollian-

338 4037 389 4098 do.
405 4032 601 4116 polh'oitondo
620 4029 705 4091 Rem.
723 4051 749 4090 1.
769 4028 856 4090 Boot.
876 4021 1047 4088 Leid.d.h.

408 4157 541 4244 Capul.
553 4156 698 4238 suithes
717 4155 801 4224 Febr.
815 4177 843 4219 ι.
861 4155 931 4217 Τιι.
951 4153 1016 4216 bac
1032 4160 1097 4216 unt
1109 4152 1206 4218 Sunt.
1225 4155 1291 4210 aut
1304 4144 1443 4213 bGoelf.
1457 4165 1504 4208 n.
1528 4141 1596 4208 boeo
1609 4139 1744 4227 ΜΝ

1238 4253 1256 4290 ι
