4542 5318
1658 383 1726 456 29¹

331 523 416 609 tum
442 533 509 608 bic
532 531 720 624 exhausit,
747 548 938 635 quantum
961 523 1089 636 potuit
1112 541 1180 610 aut
1205 533 1279 609 lide
1305 535 1509 615 nominum
1530 537 1729 627 transiici,

329 657 456 730 autin
477 656 582 732 navis
603 655 792 730 contrudi.
842 657 1038 744 Tantum,
1067 659 1254 758 inquam,
1273 659 1398 733 Patres
1417 659 1641 768 conscripti,
1659 687 1729 772 ¹ex·

327 776 474 869 bausit,
499 795 692 880 quantum
711 777 842 852 voluit
892 780 947 852 Ne
963 803 1132 853 caussam
1153 779 1311 870 diceret,
1335 783 1502 856 sestertio
1527 781 1728 858 duodecies

328 925 418 1002 oum
441 903 583 977 Caesare
607 899 820 1003 paciscitur.
867 900 989 997 Quod
1022 901 1054 975 si
1089 901 1290 1005 quidpiam
1318 928 1452 977 eorum
1488 903 1627 1008 falsum
1654 883 1729 1000 est}

326 1017 392 1097 hic
412 1024 541 1126 palam
562 1023 707 1113 refelle,
731 1023 836 1098 unde
860 1039 923 1112 tu,
943 1024 1012 1126 qui
1036 1025 1150 1100 modo
1175 1005 1225 1099 ne
1248 1041 1448 1128 paternam
1474 1007 1640 1128 quidem⁴
1661 1029 1728 1103 do-

326 1173 436 1220 mum
455 1146 638 1221 redimere
657 1146 839 1249 potueris,
865 1165 1020 1249 repente
1044 1119 1242 1250 tamquam
1255 1149 1403 1222 somnio
1422 1149 1573 1238 beatus',
1596 1149 1726 1234 hortos

327 1268 628 1371 pretiosissimos,
653 1269 784 1343 villam
799 1269 953 1344 Tiburti
972 1273 1009 1344 G
1031 1271 1202 1361 Cereris,
1219 1272 1384 1374 reliquas
1400 1272 1642 1374 possessiones
1658 1299 1727 1375 pa-

327 1393 492 1468 raverist
512 1395 642 1495 Neque
657 1393 782 1497 piguit
799 1417 983 1495 quaerere,
1000 1419 1071 1466 cur
1081 1420 1149 1497 ego
1164 1397 1201 1466 Ρ.
1219 1395 1339 1469 Crassi
1358 1394 1517 1469 domum
1531 1396 1701 1469 emissem
1716 1427 1725 1468 ¹:

327 1541 418 1590 cum
439 1532 482 1591 tu
496 1519 628 1592 veteris
649 1517 749 1591 villoe
769 1517 948 1591 dominus
962 1516 1027 1606 sis,
1053 1517 1161 1591 cuius
1177 1515 1311 1620 paullo
1328 1533 1417 1590 ante
1435 1516 1561 1591 fuerat
1577 1520 1725 1591 Caesar?

327 1639 456 1730 modo,
484 1639 661 1742 iuquam,
679 1640 911 1743 patrimonio
930 1666 1011 1714 non
1025 1664 1190 1727 comeso,
1211 1639 1278 1714 sed
1298 1638 1494 1729 devorato,
1510 1639 1651 1742 quibus
1667 1619 1728 1712 ra-

328 1761 495 1836 tionibus
514 1779 669 1866 repente
682 1762 805 1837 factrus
825 1788 862 1838 es
882 1776 962 1836 tam
983 1759 1157 1836 adfluens
1178 1776 1217 1835 et
1240 1776 1319 1834 tam
1339 1761 1497 1836 beatus?
1521 1743 1620 1836 Nam
1642 1761 1727 1864 quis

328 1900 364 1958 te
387 1884 527 1958 faceret
555 1884 750 1976 heredem,
776 1911 892 1986 quem
907 1910 957 1959 ne
978 1885 1147 1958 amicum
1167 1883 1325 1986 quidem
1342 1911 1457 1958 suum
1474 1885 1562 1959 satis
1590 1883 1728 1959 bones·

326 2022 410 2081 tum
425 2006 628 2108 quisquam
645 2007 718 2080 sibi
735 2006 861 2096 ducit,
885 2006 957 2080 nisi
973 2005 1106 2080 similis
1121 2031 1166 2078 ac
1182 2032 1253 2107 par
1271 2006 1328 2079 tui
1343 2010 1359 2080 l
1384 2005 1606 2082 Acheronte
1622 2019 1755 2111 egre-t

324 2129 384 2233 gia
400 2129 499 2202 facta
517 2130 707 2202 maiorum
731 2145 887 2202 tuorum
911 2145 947 2202 te
964 2128 1178 2202 extollunt:
1205 2154 1372 2227 quorum
1389 2128 1464 2202 sive
1487 2143 1531 2202 tu
1563 2155 1602 2222 es
1624 2129 1727 2202 simi-

326 2251 388 2339 lis,
404 2250 480 2324 sive
501 2250 559 2323 illi
580 2252 656 2338 tui,
676 2249 777 2323 nihil
798 2250 848 2324 ad
866 2248 1042 2323 omnium
1055 2247 1176 2322 scelus
1192 2273 1236 2320 ac
1258 2249 1472 2349 nequitiam
1492 2250 1582 2325 addi
1596 2267 1726 2353 potest

324 2375 493 2461 Verum,
514 2388 560 2445 ut
585 2372 743 2472 opinor,
775 2369 938 2443 honores
967 2371 1025 2440 tui
1051 2384 1088 2440 te
1119 2369 1268 2443 faciunt
1301 2371 1533 2447 insolentem
1583 2375 1662 2462 tu,
1689 2377 1727 2458 C.

326 2495 487 2584 Salusti,
512 2492 699 2568 tantidem
722 2506 835 2594 putas
854 2515 929 2565 esse
949 2489 1007 2563 bis
1024 2505 1236 2563 senatorem
1256 2509 1294 2566 et
1311 2493 1370 2567 bis
1389 2512 1612 2594 quaestorem
1627 2495 1726 2571 fieri.

326 2617 465 2719 quanti
494 2616 553 2690 bis
585 2613 822 2691 consularem
850 2628 888 2686 et
918 2612 976 2684 bis
997 2611 1299 2712 triumphalem?
1326 2616 1460 2689 Carere
1484 2616 1596 2691 (lebet
1620 2620 1727 2692 omni

324 2740 441 2829 vitio,
464 2740 534 2840 qui
556 2739 599 2814 in
626 2737 791 2811 alterum
814 2750 969 2839 paratus
998 2750 1053 2808 est
1083 2733 1215 2809 dicere
1266 2738 1301 2810 Is
1328 2735 1483 2810 demum
1506 2737 1724 2830 maledicit,

325 2862 394 2964 qui
417 2889 498 2936 non
517 2876 639 2965 potest
662 2885 795 2934 verum
822 2859 870 2932 ab
889 2856 1008 2942 altero
1028 2855 1170 2930 audire.
1220 2857 1292 2932 Sed
1317 2874 1362 2933 tu
1385 2861 1560 2934 omnium
1578 2885 1725 2936 mensa-

325 3012 414 3058 rum
436 2984 601 3074 adsecla,
628 2982 803 3058 omnium
825 2980 1093 3057 cubiculorum
1110 2980 1151 3054 in
1174 2996 1283 3055 aetate
1295 2982 1441 3084 pellex,
1457 2999 1495 3058 et
1512 2984 1612 3059 idem
1625 3001 1725 3087 post-

325 3131 368 3181 ea
393 3106 559 3195 adulter,
585 3105 708 3179 omnis
733 3105 884 3179 ordinis
902 3102 1103 3206 turpitudo
1120 3129 1158 3178 es
1187 3119 1225 3178 et
1255 3104 1376 3178 civilis
1408 3106 1501 3180 belli
1534 3105 1724 3182 memoria.
1785 3087 1786 3090 Ἴ

326 3227 433 3327 Quid
452 3228 557 3304 enim
572 3227 647 3302 boc
669 3229 817 3331 gravius
835 3228 917 3330 pati
935 3221 1148 3329 potuimus,
1171 3253 1290 3328 quam
1307 3227 1413 3327 quod
1434 3243 1471 3304 te
1492 3229 1725 3305 incolumem

327 3353 368 3427 in
392 3350 467 3426 hoc
493 3350 626 3425 ordine
646 3350 845 3425 videmus?
875 3349 1015 3423 Desine
1039 3350 1159 3422 bonos
1189 3348 1491 3452 petulantissima
1516 3343 1724 3428 consectari

326 3476 484 3580 lingua:
510 3473 639 3548 desine
658 3474 792 3546 morbo
807 3471 1047 3574 procacitatis
1063 3471 1132 3544 isto
1150 3471 1208 3544 uti
1231 3505 1238 3543 :
1265 3471 1725 3577 desine'unumquemque

326 3597 496 3673 moribus
518 3596 593 3671 tuis
620 3594 863 3674 existimare:
898 3592 959 3668 his
985 3593 1154 3669 moribus
1178 3594 1347 3670 amicum
1376 3596 1449 3672 tibi
1476 3600 1619 3673 effluere
1643 3623 1725 3673 non

327 3823 408 3880 decet
426 3819 477 3882 Ac.
499 3819 578 3879 Gud.
599 3819 717 3879 honae
735 3815 797 3875 Bas.
817 3815 865 3874 ille
884 3813 938 3874 titt
956 3813 1007 3874 ilc.
1026 3813 1107 3876 Laid.
1122 3837 1196 3878 6.-
1217 3813 1290 3896 Cup.
1304 3818 1333 3876 8.
1353 3815 1395 3872 Ar.
1410 3813 1540 3875 uacua
1559 3815 1621 3874 Bos.
1640 3815 1725 3875 simi-

326 3923 362 3985 lis
380 3944 409 3984 es
427 3924 490 3984 en.
510 3943 611 3986 curare
632 3926 691 3984 inc.
715 3919 822 3981 ordine
838 3919 970 3982 uidemus
988 3918 1050 3978 Bas.
1069 3919 1151 3980 Laid.
1162 3943 1188 3980 c.
1214 3939 1271 3979 essa
1292 3919 1345 3978 ubi
1360 3929 1389 3980 ct
1407 3919 1536 3980 mmmm
1546 3921 1654 3996 succro
1672 3919 1723 3982 Ac.

326 4040 398 4090 tom.
411 4037 520 4110 afficere
540 4029 618 4088 Gud.
638 4031 698 4092 inc.
715 4025 769 4086 tibi
784 4033 892 4106 affirm
909 4024 971 4084 Bas.
991 4022 1171 4086 auditorium
1191 4023 1243 4102 qui
1262 4023 1329 4101 (eos
1344 4024 1467 4104 omisso)
1487 4023 1549 4090 lies.
1578 4043 1638 4087 nort
1660 4041 1725 4103 qua

323 4133 466 4197 Mutua
484 4132 546 4199 Bas.
565 4131 616 4196 Ae.
637 4135 699 4196 inc.
718 4126 926 4212 effuripossim
944 4125 1062 4186 laius
1142 4110 1148 4118 ’

1283 4169 1341 4285 *χ
