4582 5320
595 439 644 512 80

599 648 637 708 et
656 659 700 708 eo
721 629 1000 736 magnitudinis
1026 627 1296 731 procederent,
1326 625 1384 699 uti
1402 651 1473 727 pro
1496 605 1721 699 mortalibus
1743 626 1867 730 gloria
1891 644 2002 700 mter·

569 755 796 831 mitterent.
821 757 918 828 Nam
936 751 989 826 vti
1006 775 1123 854 genus
1141 748 1345 822 hominum
1363 748 1615 850 compositum
1628 774 1673 822 ex
1688 775 1846 852 corpore
1857 767 1895 824 et
1915 753 2002 824 ani·

593 894 746 953 maest:
772 879 825 952 ita
850 902 906 950 res
931 889 1079 948 cunctae
1096 871 1298 971 studiaque
1316 870 1444 944 omnia
1464 886 1591 944 nostra
1614 873 1781 974 corporis
1799 872 1896 960 alia,
1924 873 1998 948 alia

592 1001 711 1075 animi
729 1003 909 1075 naturam
920 1011 1144 1098 sequuntur.
1181 994 1303 1096 Igitur
1318 991 1500 1095 praeclara
1518 990 1629 1068 facies
1639 1051 1657 1082 ,,
1674 1020 1819 1098 magnae
1837 995 1997 1085 divitiae,

590 1123 640 1198 ad
658 1122 732 1197 hoo
755 1123 809 1199 vis
825 1121 992 1226 corporis
1003 1135 1041 1193 et
1062 1117 1135 1192 alia
1154 1117 1282 1191 omnia
1296 1113 1560 1190 huiuscemodi
1576 1117 1681 1190 brevi
1698 1117 1946 1212 dilabuntur3
1960 1135 1999 1193 at

590 1247 734 1351 ingenii
751 1246 895 1350 egregia
911 1243 1107 1330 facinoray
1124 1241 1236 1314 sicuti
1257 1238 1403 1326 anima,
1425 1238 1654 1316 immortalia
1672 1257 1777 1314 sunt.
1805 1243 1994 1316 Postremo

588 1371 758 1472 eorporis
780 1384 819 1442 et
835 1367 999 1442 fortunoe
1014 1367 1224 1451 bonorum,
1242 1378 1288 1436 ut
1306 1362 1481 1450 initium,
1505 1363 1558 1437 sic
1583 1362 1668 1436 sin-is
1686 1379 1765 1438 est:
1786 1367 1996 1470 omniaque

590 1507 672 1566 orta
691 1489 889 1578 occidunt,
910 1505 948 1564 et
974 1505 1084 1562 aucta
1103 1501 1306 1560 senescunt
1313 1517 1323 1576 ;
1350 1486 1500 1560 animus
1520 1486 1786 1589 incorruptus,
1803 1506 1970 1563 aternus
1987 1545 1996 1575 ‚

588 1631 715 1690 reetor
738 1613 899 1688 humani
923 1611 1085 1716 generis,
1110 1609 1189 1710 agit
1218 1625 1332 1710 atque
1355 1607 1475 1682 *habet
1500 1627 1656 1697 cuncta,
1677 1637 1801 1712 neque
1821 1612 1903 1714 ipse
1923 1610 1993 1684 ha-

585 1739 709 1812 betur.
736 1737 827 1832 Quo
845 1737 960 1836 magis
985 1733 1149 1836 pravitas
1166 1757 1299 1804 eorum
1316 1731 1540 1805 admiranda
1561 1751 1632 1820 est,
1659 1733 1746 1834 qui,
1771 1733 1890 1808 dediti
1912 1762 1995 1808 cor·

586 1861 689 1962 poris
705 1857 872 1963 gaudiis,
897 1883 967 1958 per
982 1855 1118 1928 luxum
1133 1871 1171 1926 et
1203 1854 1392 1956 ignaviam
1412 1871 1560 1928 aetatem
1579 1873 1716 1959 agunt:
1743 1872 1910 1930 ceterum
1937 1858 1994 1930 in-

516 2036 518 2042 s
587 1981 766 2084 genium,
792 2005 869 2080 quo
892 2002 1019 2077 neque
1037 1975 1189 2065 meiius,
1208 2001 1333 2076 neque
1358 1977 1521 2078 amplius
1545 1978 1651 2052 aliud
1673 1979 1714 2052 in
1735 1997 1872 2053 natura
1894 2007 1992 2054 mor-

585 2102 727 2176 talium
749 2117 819 2188 est,
845 2098 1002 2173 incultu
1023 2115 1138 2198 atque
1155 2098 1325 2174 socordia
1349 2115 1558 2202 torpescere
1585 2101 1736 2175 sinunt:
1761 2129 1883 2203 quum
1898 2130 1993 2206 prae·

584 2225 715 2298 sertim
733 2239 813 2296 tam
835 2222 966 2296 multoe
990 2222 1178 2323 variaeque
1200 2221 1278 2294 sint
1296 2237 1393 2295 artes
1410 2223 1548 2312 animi,
1564 2224 1706 2325 ¹quibus
1718 2249 1865 2300 summa
1881 2227 1991 2300 clari·

555 2346 682 2436 3tudo
717 2361 883 2450 paratur.
932 2347 1077 2426 Verum
1104 2370 1150 2418 ex
1173 2341 1236 2416 his
1259 2343 1497 2446 magistratus
1530 2361 1567 2419 et
1595 2347 1774 2450 imperia,
1799 2365 1990 2452 postremo

587 2469 710 2544 omnis
739 2495 832 2544 cura
867 2493 995 2541 rerum
1030 2465 1306 2570 publicarum,
1341 2466 1514 2542 minume
1549 2467 1646 2542 mihi
1671 2467 1744 2544 hac
1772 2487 1990 2575 tempestate

586 2591 783 2696 cupiunda
809 2575 1018 2666 videntur?
1046 2587 1230 2691 quoniam
1251 2615 1375 2690 neque
1395 2589 1529 2666 virtuti
1548 2588 1669 2681 honos
1698 2592 1839 2688 datur,
1865 2621 1989 2698 neque

586 2715 662 2806 illi,
688 2715 828 2819 quibus
850 2739 919 2818 per
936 2712 1111 2787 fraudem
1134 2711 1192 2786 ius
1209 2711 1300 2801 fuit,
1327 2712 1401 2786 tuti
1433 2729 1501 2786 aut
1516 2739 1560 2790 eo
1581 2714 1697 2816 magis
1720 2712 1868 2791 honesti
1889 2735 1989 2794 sunt.

587 2914 614 2958 ι.
635 2892 733 2954 Guelf.
749 2915 774 2954 1.
791 2914 818 2953 a.
831 2915 859 2974 7.
879 2892 964 2955 Febr.
980 2913 1005 2950 ι.
1026 2891 1077 2952 Ac.
1094 2889 1173 2949 Leid.
1185 2892 1205 2948 i.
1216 2893 1237 2953 l.
1258 2890 1328 2950 Tur.
1345 2911 1370 2949 ι.
1391 2891 1459 2974 Teg.
1481 2891 1628 2971 mrtltoqus
1648 2893 1717 2953 vin.
1733 2913 1757 2952 ι.
1779 2893 1906 2955 Fuhm.
1928 2897 1987 2958 ine.

582 2997 678 3058 Strur.
699 2997 765 3058 Eos.
785 2997 865 3058 vrat.
883 3016 909 3055 ι.
921 3016 948 3059 ι.
970 2995 1067 3054 Guels.
1082 2993 1111 3054 3.
1124 2995 1152 3054 6.
1170 3013 1215 3052 ιι.
1240 2993 1319 3054 leid.
1334 3014 1359 3057 e.
1374 3015 1402 3076 g.
1417 2997 1444 3054 Ιι.
1460 3017 1501 3054 m.
1515 3017 1546 3056 u.
1568 2996 1679 3056 Arond.
1701 2997 1770 3080 neg.
1793 2999 1884 3059 Mark.
1904 3015 1933 3066 r.
1952 3014 1986 3064 Λ.

581 3099 618 3159 B.
626 3099 698 3160 Pub.
713 3099 797 3160 Bodl.
818 3099 941 3162 Bern.5.
955 3119 980 3158 ι.
1000 3097 1290 3178 regerenturcosibus
1302 3099 1396 3178 magu
1414 3099 1481 3160 Ere.
1501 3101 1571 3160 vin.
1586 3121 1613 3166 ι.
1633 3101 1717 3165 Rem.
1733 3123 1758 3160 ι.
1768 3105 1832 3164 ine.
1848 3127 1873 3164 ι.
1887 3105 1985 3164 Ηιιιιι.

580 3204 648 3264 Son.
660 3225 689 3264 2.
706 3205 815 3264 Fraus.
836 3203 954 3263 Vrata.
975 3203 1060 3262 Bam.
1076 3223 1101 3261 ι.
1123 3201 1219 3262 Guslf.
1233 3224 1260 3282 7.
1273 3223 1302 3281 9.
1316 3223 1361 3261 ιο.
1377 3223 1423 3268 ιι.
1448 3203 1530 3263 Laid.
1544 3203 1574 3262 b.
1588 3203 1617 3262 d.
1635 3207 1693 3264 os.
1711 3204 1742 3270 h.
1755 3207 1783 3266 k.
1798 3225 1837 3267 m.
1866 3211 1917 3268 sed
1936 3213 1986 3270 alii

581 3309 640 3366 alio
666 3312 735 3368 looo
756 3307 868 3368 omibus
887 3307 1053 3368 intrudunt.
1067 3309 1166 3388 plures
1184 3325 1306 3386 praepos.
1323 3326 1344 3365 ο
1358 3305 1481 3366 addunt.
1494 3307 1719 3390 *ipsieosusreg
1742 3311 1810 3372 Eco.
1829 3313 1926 3374 Guelf.
1939 3335 1984 3373 ιι.

581 3406 638 3487 ipsi
650 3427 709 3487 reg.
730 3429 789 3469 cas.
810 3411 930 3472 Meneb.
951 3411 1038 3474 Ririi.
1061 3429 1121 3490 reg.
1141 3409 1196 3490 ἱροὶ
1215 3427 1275 3469 eas.
1294 3407 1379 3470 Bern.
1396 3430 1421 3474 ι.
1437 3411 1487 3470 uti
1496 3431 1552 3490 pro
1564 3423 1651 3478 mort.
1676 3415 1733 3474 inc.
1748 3437 1775 3477 a.
1804 3415 1900 3481 Gueli.
1912 3437 1940 3478 ι.
1954 3419 1983 3494 1⁴.

579 3509 727 3572 Commel.
750 3512 807 3570 Pal.
821 3513 848 3571 6.
861 3534 889 3592 9.
911 3513 995 3572 Baro.
1007 3512 1036 3572 3.
1058 3512 1200 3572 utGuelf.
1212 3533 1258 3572 ιο.
1278 3533 1323 3573 ιι.
1346 3514 1403 3573 Pal.
1419 3534 1464 3574 ιο.
1486 3515 1536 3574 uti
1548 3520 1645 3580 oeten.

663 3637 735 3720 Cap.
755 3659 786 3708 ο.
813 3659 904 3720 genus
918 3641 1082 3700 humanum
1100 3639 1186 3699 Fabr.
1199 3659 1230 3700 ι.
1251 3640 1313 3700 Bas.
1333 3663 1358 3700 ι.
1385 3665 1426 3704 m.
1434 3665 1484 3724 pr.
1512 3643 1608 3706 Guelf.
1620 3669 1649 3728 9.
1671 3647 1739 3730 Teg.
1760 3647 1829 3710 Tur.
1846 3647 1935 3708 Bem.
1957 3672 1981 3710 ι.

578 3743 658 3805 Laid.
672 3744 701 3804 k.
722 3763 761 3804 ax
773 3743 877 3803 οηῖηιο
889 3752 917 3803 et
931 3763 1053 3823 corpora
1065 3753 1106 3804 ost
1127 3743 1210 3803 Fabr.
1226 3764 1251 3808 ι.
1271 3746 1329 3803 ino.
1350 3765 1374 3804 1.
1396 3745 1484 3806 Acad.
1514 3749 1612 3811 Heuss
1633 3753 1700 3812 Seu.
1714 3773 1740 3812 a.
1760 3751 1864 3813 Franc.
1885 3751 1982 3814 Guelf.

579 3837 607 3910 a.
621 3850 649 3920 4.
663 3871 692 3932 7.
712 3848 822 3930 aliique
835 3847 939 3907 Curtii.
959 3847 1072 3912 Tum.
1098 3847 1179 3906 Laid.
1193 3869 1220 3907 a.
1241 3858 1282 3910 est
1296 3868 1333 3908 ea·
1351 3869 1378 3909 ο.
1396 3860 1424 3909 et
1439 3871 1467 3910 a.
1493 3852 1573 3914 leid.
1585 3877 1610 3915 c.
1623 3856 1654 3914 d.
1669 3877 1710 3915 m.
1731 3876 1768 3915 ar
1785 3876 1865 3938 corp.
1886 3868 1915 3917 et
1929 3879 1981 3918 on.

577 3962 619 4014 est
638 3953 733 4019 ceteri.
757 3961 785 4012 et
805 3951 867 4012 ulio
888 3951 990 4016 omnia
1006 3951 1163 4012 huiusosm.
1192 3951 1295 4012 omnia
1312 3955 1395 4012 omis.
1411 3953 1509 4014 Guelf.
1528 3978 1557 4036 9.
1578 3958 1681 4026 Franc.
1710 3961 1900 4023 οΙ.1ιιιι’.οοι.
1923 3960 1982 4024 hoe

577 4056 682 4118 ordine
697 4055 798 4121 Guelf.
813 4057 842 4116 5.
859 4065 957 4116 eruo
973 4057 1024 4116 alii
1044 4077 1079 4115 ex
1094 4053 1249 4116 Cortianis.
1270 4075 1373 4117 omnes
1384 4057 1465 4124 leid.
1495 4059 1633 4142 (sumpto
1649 4065 1687 4143 1.)
1714 4063 1757 4124 sie
1764 4069 1825 4140 fin.
1849 4064 1891 4126 sie
1919 4085 1982 4132 om.

578 4157 676 4219 Guelf.
689 4156 719 4223 3.
740 4161 840 4220 Heus.
860 4159 961 4221 omnin
973 4169 1042 4220 orta
1054 4159 1145 4218 Rem.
1163 4179 1189 4218 ι.
1209 4158 1323 4220 Fabrio.
1339 4182 1368 4221 ι.
1389 4161 1485 4228 Guett.
1497 4186 1526 4245 9.
1543 4187 1588 4226 ιο.
1604 4189 1650 4229 ιι.
1666 4190 1711 4229 ιι.
1732 4167 1791 4234 Erl.
1810 4155 1980 4252 Taphra.

578 4260 609 4323 ὅ.
628 4260 750 4324 ΜΗ.
770 4273 1072 4342 ammonerent
1092 4261 1189 4323 Guelf.
1207 4285 1254 4329 ιο.
1274 4265 1371 4331 snuv.
1392 4268 1473 4332 Leid.
1486 4269 1505 4328 i.
1534 4281 1574 4330 est
1593 4273 1703 4337 ndenir.
1723 4273 1791 4334 Εοο.
1813 4273 1914 4334 οῑιΙιιο
1928 4275 1979 4334 alii

549 4427 553 4440 ,
577 4383 612 4430 ox
628 4363 710 4434 Gort.
737 4375 779 4428 ut
797 4385 858 4427 orn.
877 4367 939 4429 Bar.
956 4367 986 4443 4.
1013 4369 1121 4432 1th
1138 4367 1235 4448 ιζιιαν.
1256 4367 1319 4430 Bm.
1334 4391 1359 4440 ι.
1381 4375 1442 4436 Erl.
1462 4371 1547 4436 Bern.
1564 4375 1593 4437 ὅ.
1618 4398 1644 4438 ι.
1674 4377 1764 4462 ampl.
1780 4375 1873 4442 ultitd.
1887 4377 1979 4444 afflui
