4542 5318
704 623 1192 732 urr'srotsr

368 829 443 926 Pro
465 853 554 908 rero
585 847 697 909 antea
729 832 948 928 obtinebat,
973 833 1089 941 regna
1115 848 1231 938 atque
1256 832 1418 939 imperia
1450 832 1676 914 fortunam

246 951 482 1045 denodare,
516 955 608 1032 item
627 955 722 1048 alia,
747 983 833 1061 quae
859 985 930 1063 per
953 957 1125 1036 mortalis
1156 957 1265 1035 avide
1293 957 1533 1062 cupiuntur:
1559 959 1653 1060 quia

246 1091 286 1151 et
310 1076 417 1181 apud
435 1077 613 1185 indignos
632 1105 729 1185 saepe
753 1096 883 1172 erant,
909 1083 1017 1185 quasi
1043 1108 1113 1186 per
1135 1081 1353 1157 lubidinem
1381 1081 1492 1157 data:
1526 1107 1662 1182 neque·

246 1200 430 1302 cuiquam
451 1201 675 1309 incorrupta
691 1197 989 1310 permanserant
1033 1205 1105 1282 Sed
1126 1231 1184 1282 res
1198 1205 1332 1281 docuit
1349 1203 1389 1279 id
1408 1231 1542 1280 verum
1563 1207 1653 1292 esse,

246 1323 352 1426 quod
376 1327 418 1403 in
443 1328 678 1406 numinibus
693 1323 840 1433 Appius
857 1329 929 1418 ait,
952 1327 1108 1404 fabrum
1129 1353 1204 1404 esse
1220 1353 1297 1404 suas
1319 1354 1510 1432 quemque
1532 1327 1654 1402 furtu*

246 1474 327 1523 nae:
344 1466 460 1554 atquc
471 1451 513 1527 in
528 1467 565 1528 te
580 1479 777 1543 maxume,
792 1451 861 1556 qui
875 1467 1028 1530 tantum
1046 1452 1139 1528 alios
1156 1475 1378 1558 praegressus
1400 1477 1453 1544 es,
1474 1453 1534 1526 uti
1546 1451 1654 1556 priua

245 1570 376 1647 defessi
409 1574 487 1649 sint
506 1573 679 1652 homines
705 1574 902 1650 laudando
931 1574 1032 1651 facta
1054 1593 1147 1666 tua,
1180 1603 1298 1680 quam
1324 1591 1369 1652 tu
1400 1574 1514 1651 laude
1536 1574 1653 1679 digna

246 1695 438 1772 faciundo.
478 1701 655 1776 Ceterum
674 1699 735 1775 uti
758 1698 961 1812 fabricata,
988 1699 1041 1774 sic
1060 1699 1202 1776 virtute
1221 1716 1350 1804 parta,
1376 1726 1494 1803 quam
1514 1724 1653 1802 magna

247 1820 434 1898 industria
455 1819 589 1897 haberi
612 1821 736 1917 decet,
761 1848 810 1896 ne
833 1821 984 1896 incuria
1005 1819 1285 1914 deformentur,
1311 1838 1381 1898 aut
1395 1837 1579 1899 corruant
1594 1821 1654 1896 in-

248 1943 405 2019 firmata.
440 1947 558 2021 Nemo
579 1945 685 2022 enim
704 1944 814 2020 alteri
838 1944 1044 2047 imperium
1064 1945 1192 2020 volens
1207 1947 1402 2022 concedit:
1428 1961 1466 2022 et
1483 1943 1654 2049 quamvis

245 2069 369 2143 bonus
388 2087 503 2172 atque
528 2069 691 2146 clemens
706 2070 772 2159 sit,
800 2069 869 2171 qui
891 2067 978 2170 plus
995 2085 1138 2172 potest;
1163 2085 1312 2162 tamen,
1339 2070 1431 2172 quia
1457 2069 1561 2143 malo
1580 2093 1655 2143 esse

246 2190 352 2280 licet,
377 2190 614 2265 formidatur.
653 2191 698 2266 Id
730 2190 874 2279 evenit,
900 2192 991 2294 quia
1020 2191 1193 2295 plerique
1221 2219 1351 2268 rerum
1376 2208 1547 2296 potentes
1569 2219 1654 2294 per-

244 2339 348 2389 vorse
375 2315 584 2390 consulunt
606 2331 644 2389 et
663 2339 707 2388 eo
729 2340 768 2389 se
780 2313 1006 2389 munitiores
1030 2331 1188 2416 putant,
1217 2342 1295 2419 quo
1317 2314 1395 2407 illi,
1426 2317 1567 2419 quibus
1584 2317 1653 2389 im-

244 2439 429 2541 peritant,
455 2438 655 2537 nequiores
677 2433 791 2508 fuere.
830 2441 880 2508 At
902 2451 1035 2508 contra
1057 2437 1097 2510 id
1115 2437 1211 2511 eniti
1231 2439 1354 2528 decet,
1380 2439 1567 2542 cumipse
1587 2441 1654 2513 ho-

246 2587 318 2635 nus
333 2577 447 2663 atque
462 2575 639 2634 strenuus
657 2558 722 2650 sis,
738 2558 928 2660 utiquam
942 2559 1108 2660 optumis
1122 2559 1321 2660 imperitas.
1348 2561 1446 2632 Nam
1458 2587 1652 2662 pessumus

245 2683 407 2786 (ptusque
420 2707 637 2787 asperrume
650 2683 834 2755 rectorem
850 2680 1005 2785 patitur.
1032 2679 1105 2754 Sed
1122 2678 1191 2753 tibi
1205 2677 1280 2755 hoo
1296 2680 1445 2786 gravius
1456 2697 1519 2772 est,
1533 2709 1652 2783 quam

245 2823 335 2882 ante
349 2823 384 2881 te
401 2806 596 2896 omnibus,
609 2805 723 2880 armis
741 2821 852 2910 parta
868 2830 1113 2907 componere;
1126 2802 1231 2908 quod
1249 2802 1396 2879 bellum
1409 2804 1575 2879 aliorum
1584 2833 1652 2908 pa-

245 2957 288 3007 ce
314 2930 467 3024 mollius
489 2930 658 3034 gessisti:
694 2927 745 3003 ad
769 2927 844 3002 hoc
869 2927 1025 3002 victores
1047 2927 1217 3031 praedam
1238 2943 1398 3033 petunt,
1432 2929 1524 3004 victi
1556 2928 1652 3026 cives

244 3069 344 3129 sunt
369 3052 552 3128 Inte'rhas
572 3053 811 3148 difficultates
824 3049 1066 3127 eradendum
1081 3047 1136 3126 est
1156 3050 1245 3140 tibi,
1273 3068 1389 3154 atque
1401 3051 1443 3126 in
1457 3060 1660 3155 posterum.

243 3174 434 3252 firmanda
462 3176 695 3280 respublica,
726 3203 807 3250 non
831 3175 945 3249 armis
970 3173 1102 3263 modo,
1137 3201 1263 3278 neque
1287 3175 1489 3250 advorsum
1513 3174 1651 3270 hostis,

243 3301 308 3376 scd
333 3298 439 3403 quod
468 3297 605 3374 multow
621 3299 744 3373 maius
775 3297 976 3398 multoque
1005 3292 1172 3401 asperius
1203 3313 1275 3386 est,
1300 3298 1411 3373 bonis
1431 3299 1534 3404 pacis
1561 3299 1653 3373 arti«

243 3425 323 3500 bus.
361 3424 461 3527 Ergo
480 3421 618 3510 omnis,
644 3417 799 3525 magna,
817 3417 999 3492 mediocri
1021 3413 1205 3522 sapientia
1228 3445 1284 3494 res
1310 3419 1390 3496 huc
1410 3437 1541 3496 vocat:
1566 3421 1652 3525 quae

242 3550 404 3652 quisque
429 3562 588 3650 optuma
617 3560 756 3649 potest,
792 3543 851 3616 uti
879 3541 1019 3616 dicant
1058 3547 1112 3616 Ac
1133 3539 1231 3616 mibi
1251 3543 1304 3618 sic
1319 3539 1502 3619 ridetur:
1528 3545 1652 3648 quali·

243 3697 409 3774 cumque
432 3667 546 3748 modo
571 3685 615 3744 tu
638 3667 837 3744 victoriam
863 3665 1132 3772 composueris,
1149 3663 1212 3743 'ita
1243 3665 1319 3744 alia
1347 3669 1477 3746 omnia
1509 3667 1650 3770 futura.

810 3878 879 3938 Eri
893 3897 906 3937 s
918 3897 933 3934 r
945 3897 962 3935 o
976 3895 1017 3935 tt
1058 3877 1084 3941 1.
1100 3934 1103 3940 .

327 3979 400 4064 Cap.
422 4003 447 4042 ι.
479 3983 609 4064 Populus
627 3983 780 4046 Romanus
795 4005 852 4065 pro
876 4004 947 4046 vcro
968 3981 1067 4042 Ursini
1083 3980 1157 4041 liber
1164 4003 1173 4054 3
1194 3969 1573 4040 transmeandum
1593 3991 1650 4051 pro

244 4091 360 4149 omisso.
372 4087 500 4166 fabrum
515 4109 571 4150 cue
585 4111 644 4152 suc
664 4111 803 4172 pronum.
824 4111 886 4150 om.
901 4088 984 4152 Fabr.
1008 4097 1038 4144 et
1057 4083 1132 4149 Bric.
1151 4097 1335 4164 praegressus
1355 4092 1457 4138 omnes
1474 4072 1551 4174 libri.
1569 4093 1650 4150 proe-

244 4203 336 4272 ter-gr.
354 4183 429 4252 ¹olim
448 4191 570 4252 editum.
592 4195 672 4272 quod
685 4193 791 4254 bellum
810 4191 903 4256 vatic.
925 4191 1005 4270 quod
1019 4187 1107 4248 ceteri
1124 4209 1185 4246 om.
1205 4203 1318 4266 arogno
1336 4177 1491 4252 malueris
1508 4177 1650 4260 sapientia

245 4301 284 4359 ita
304 4295 388 4358 Fabr.
409 4305 437 4358 et
457 4295 535 4362 Bric-
563 4297 759 4377 mediocrique
778 4299 877 4378 tulga.
899 4289 1043 4355 mediocri
1056 4291 1214 4375 legendum
1228 4306 1339 4352 cenoeo.
