4560 5338
595 355 643 446 42

597 525 674 606 alio
696 527 826 604 animo
845 523 939 602 belli
953 539 1133 602 eventum
1155 519 1432 628 exspectabant
1473 520 1534 598 Ad
1551 519 1636 612 boc,
1650 519 1895 627 ,quicumque
1912 523 2007 602 alie-

598 680 687 731 rum
706 667 821 755 atque
841 649 969 726 Senati
984 649 1155 754 partium
1170 662 1302 738 erant,
1324 644 1548 722 conturbari
1568 649 1865 751 rempublicam,
1885 675 2004 754 quam

596 779 726 853 minus
745 776 869 853 valere
889 773 961 878 ipsi
980 772 1184 849 malebant
1209 770 1256 874 ld
1274 769 1369 848 adeo
1387 769 1536 848 malum
1555 770 1697 848 multos
1713 789 1799 877 poet
1818 799 1939 850 annos
1963 775 2006 849 in

548 908 587 970 38
599 901 791 978 civitatem
821 912 1038 972 revortcrat
1084 895 1182 970 Nam
1201 911 1406 999 postquam
1433 896 1500 974 Cn.
1520 898 1700 1001 Pompeio
1728 915 1767 973 et
1795 899 1852 973 Μ.
1877 902 2005 976 Caeam

596 1023 823 1102 Consulibus
845 1018 1053 1095 tribunicia
1069 1035 1232 1124 potestas
1253 1019 1426 1095 restituta
1448 1035 1523 1109 est,
1548 1018 1723 1096 homines
1741 1022 2008 1123 adulescentes,

595 1174 785 1225 summam
809 1160 1034 1250 potestatem
1051 1144 1175 1234 nacti,
1189 1143 1330 1246 quibus
1350 1159 1438 1218 aetes
1457 1143 1684 1247 animusque
1698 1143 1803 1220 ferox
1815 1161 1913 1237 erat,
1933 1173 2010 1222 coe-

593 1299 699 1376 pere,
736 1270 919 1344 Senatum
947 1267 1225 1357 criminando,
1255 1265 1407 1372 plebem
1437 1267 1650 1372 exagitare,
1686 1268 1775 1343 dein
1804 1269 2007 1374 largiundo

597 1412 713 1498 atque
729 1392 981 1498 pollicitando
1007 1391 1125 1496 magis
1149 1391 1373 1484 incendere,
1397 1389 1451 1465 ita
1475 1388 1548 1494 ipsi
1573 1391 1667 1466 clari
1690 1407 1938 1496 potentesque
1964 1393 2007 1466 fi-

597 1520 661 1595 eri.
697 1521 839 1594 Contra
859 1542 920 1592 eos
937 1541 1085 1592 summa
1111 1541 1184 1619 ope
1210 1514 1408 1589 nitebatur
1424 1512 1608 1618 pleraque
1632 1515 1827 1607 nobilitas,
1852 1517 2011 1594 Senatus

596 1643 719 1750 specie
744 1669 815 1746 pro
835 1668 904 1716 sua
928 1639 1203 1743 magnitudine.
1250 1639 1443 1739 Namque,
1474 1636 1533 1712 uti
1561 1639 1694 1740 paucis
1719 1667 1852 1714 verum
1884 1641 2007 1716 absol-

597 1795 703 1854 vam,
736 1763 909 1869 postilla
933 1777 1107 1864 tempora
1127 1761 1364 1863 quicumque
1386 1760 1667 1865 rempublicam
1688 1764 1903 1868 agitavere,
1939 1764 2007 1840 bo-

600 1891 714 1966 nestis
733 1885 975 1974 nominibus,
1001 1885 1086 1974 alii,
1110 1883 1222 1976 sicuti
1244 1885 1381 1988 populi
1397 1884 1482 1960 iura
1500 1887 1770 1979 defenderent,
1795 1915 1900 1993 pam,
1927 1918 2004 1993 quo

600 2017 760 2110 Senatus
780 2008 991 2084 auctoritas
1014 2035 1193 2083 maxuma
1218 2006 1332 2100 foret,
1366 2010 1515 2084 bonum
1538 2011 1742 2115 publicum
1766 2011 2010 2104 simulantes,

601 2166 672 2244 pro
691 2163 759 2214 sua
777 2133 940 2235 quisque
956 2132 1128 2237 potentie
1151 2133 1371 2227 certabant3
1401 2161 1528 2238 neqnc
1555 2135 1631 2210 illis
1656 2136 1859 2227 modestia,
1883 2165 2007 2240 neque

606 2263 744 2338 modus
765 2256 1022 2333 contentionis
1043 2272 1146 2332 erat:
1171 2257 1327 2360 utrique
1338 2257 1539 2334 victoriam
1552 2259 1759 2335 crudeliter
1778 2262 2010 2336 exercebant.

555 2391 592 2468 ³9
603 2378 675 2454 Sed
693 2398 896 2487 postquam
914 2385 980 2458 Cn.
1000 2380 1200 2484 Pompeius
1216 2381 1267 2456 ad
1289 2381 1437 2458 bellum
1456 2385 1710 2459 maritumum
1729 2401 1845 2487 atque
1858 2385 2012 2461 Mithri-

498 2591 501 2598 ,
604 2501 775 2582 daticum'
800 2506 931 2582 missus
959 2522 1038 2601 est3
1064 2505 1185 2610 plebis
1219 2531 1306 2610 opes
1330 2509 1563 2600 imminutae,
1601 2535 1815 2614 paucorum
1838 2513 2017 2613 potentia

603 2735 682 2797 bore.
703 2737 801 2800 Guell'.
813 2761 842 2819 7.
854 2749 882 2798 et
895 2739 922 2796 5.
944 2759 984 2796 m.
995 2757 1041 2818 pr.
1063 2735 1126 2794 Bas.
1136 2733 1164 2794 3.
1186 2734 1258 2794 idco
1266 2736 1386 2794 molum.
1400 2736 1591 2817 uterq..llem.
1611 2735 1691 2798 Feb..
1702 2737 1777 2798 Eoo..
1791 2737 1887 2804 Heus„
1899 2741 1966 2805 Vin,
1987 2761 2010 2799 ι.

604 2844 671 2905 San.
685 2855 778 2925 uterq.
803 2842 899 2903 Guels.
915 2865 939 2907 ι.
951 2863 979 2902 2.
994 2841 1023 2901 3.
1041 2841 1068 2900 5.
1087 2861 1131 2903 ιι.
1152 2837 1214 2897 Bas.
1230 2861 1256 2898 r.
1278 2839 1347 2900 Tur.
1363 2862 1388 2897 1.
1403 2859 1430 2898 2.
1451 2843 1531 2918 quod
1546 2843 1631 2901 celeo.
1652 2841 1714 2901 Bas.
1730 2842 1759 2903 3.
1780 2842 1814 2902 id
1829 2843 1862 2902 id
1875 2863 1919 2909 eo.
1940 2846 2008 2928 Tcg.

479 2931 480 2936 ἵ
605 2947 686 3006 taio.
699 2952 719 3008 l.
741 2949 808 3008 ideo
825 2949 857 3008 id
872 2949 942 3005 mol.
964 2945 1061 3004 Guell.
1077 2967 1105 3024 7.
1127 2943 1160 3003 id
1171 2945 1241 3002 mol.
1262 2945 1344 3002 Leid.
1361 2967 1388 3009 ιι.
1403 2945 1430 3009 Ιι.
1452 2945 1518 3006 clleo
1534 2947 1585 3004 od.
1599 2967 1639 3004 ιιι.
1661 2947 1758 3006 Guell'.
1771 2970 1800 3029 9.
1823 2947 1920 3008 iddeo.
1948 2950 2009 3010 Bar.

611 3073 636 3112 ι.
664 3053 798 3117 idodeo.
824 3056 921 3134 plures
939 3049 1033 3108 conii
1053 3049 1130 3111 libri.
1157 3047 1239 3106 Laid.
1256 3047 1286 3107 b.
1300 3069 1327 3107 c.
1340 3049 1369 3106 d.
1385 3069 1410 3107 e.
1423 3049 1443 3107 l.
1459 3071 1487 3132 g.
1502 3047 1532 3108 h.
1549 3052 1568 3109 i.
1582 3073 1622 3114 ιιι.
1636 3071 1666 3110 ιι.
1695 3052 1773 3117 Edit.
1793 3052 1878 3112 Poris.
1909 3055 2011 3115 baud.

608 3177 648 3215 ιιι.
659 3177 706 3238 pr.
727 3157 813 3222 Bcrn.
829 3179 853 3217 ι.
865 3178 894 3217 a.
906 3155 936 3216 ὅ.
958 3153 991 3214 io
1001 3155 1072 3219 ιιιιιΙ.
1087 3155 1171 3212 odeo.
1192 3151 1255 3212 Bas.
1270 3154 1308 3224 4.

692 3282 765 3365 Cup.
779 3287 827 3347 38.
849 3285 945 3348 restit..
957 3293 1008 3343 eat.
1040 3292 1082 3342 eat
1104 3283 1203 3343 delent
1221 3281 1335 3347 Fabrie.
1352 3301 1379 3348 ι.
1400 3283 1462 3342 baa.
1477 3303 1505 3342 ι.
1525 3285 1730 3350 utuluoentes.
1759 3285 1901 3348 boc-loco
1924 3292 2010 3349 etiam

609 3385 670 3454 Bas.
687 3410 715 3450 ι.
732 3389 816 3448 bern.
837 3412 861 3454 ι.
872 3392 967 3466 saroa
988 3398 1062 3447 eret.
1082 3398 1146 3447 erut
1161 3387 1243 3446 Cort.
1259 3391 1376 3456 omisit„
1393 3389 1464 3448 dein
1480 3389 1556 3468 larg.
1578 3394 1760 3451 vetustissimi
1780 3391 1883 3454 Cortii.
1904 3393 1965 3459 Bae.
1987 3417 2011 3454 ι.

609 3494 679 3554 Tur.
702 3515 727 3553 ι.
757 3494 879 3558 dehine.
901 3493 1000 3562 Boni.
1022 3493 1082 3552 inc.
1102 3515 1126 3556 ι.
1145 3493 1321 3572 polb'eendo,
1342 3495 1424 3554 Laid.
1439 3516 1465 3554 a.
1477 3493 1507 3552 b.
1521 3496 1550 3552 d.
1567 3497 1587 3552 l.
1604 3491 1634 3561 b,
1651 3497 1678 3555 lr.
1690 3519 1731 3563 ιιι,
1758 3497 1828 3556 Tur.
1844 3519 1872 3558 a.
1900 3511 2015 3560 reuolue

608 3599 660 3658 rub
677 3598 787 3678 specie..
798 3600 896 3678 plures
906 3595 1000 3655 Cottii
1018 3595 1095 3655 libri.
1117 3596 1179 3655 Bas.
1192 3597 1221 3656 3.
1237 3599 1265 3667 l.
1293 3599 1450 3662 Loid.a.c.
1466 3598 1578 3664 dab.
1596 3623 1636 3668 rr,
1658 3601 1717 3660 Erl.
1746 3623 1848 3662 υσιιιιιι
1867 3604 2015 3665 absolvam
2054 3665 2058 3685 ,

612 3702 673 3764 luc
694 3705 830 3762 omnium
859 3703 916 3762 lere
933 3700 1030 3764 Codd.
1045 3703 1141 3761 lectio.
1172 3721 1283 3760 υειιιιιι.Ι
1298 3704 1396 3761 ontiait
1424 3704 1491 3764 Ecc.
1513 3705 1545 3763 in
1562 3716 1688 3786 quatuor
1705 3707 1799 3766 Cortii
1815 3707 1896 3767 libris
1914 3712 2013 3770 locum

612 3819 716 3870 mutat.
735 3828 806 3868 vero
819 3806 1000 3872 abalienes.
1021 3807 1088 3865 Son.
1100 3827 1128 3865 a.
1149 3805 1234 3865 lietu.
1247 3805 1276 3865 3.
1295 3807 1435 3886 postilla
1456 3817 1685 3891 temp..uterque
1706 3811 1775 3872 vin.
1799 3813 1912 3874 Fabric.
1932 3813 2017 3873 Rem.

611 3914 671 3977 ino.
698 3913 766 3972 Seu.
787 3911 838 3971 Ac.
859 3911 958 3970 Hense.
978 3911 1075 3970 Strur.
1095 3910 1162 3970 Ecc.
1182 3929 1285 3968 ornnes
1303 3909 1401 3969 Guctt.
1422 3911 1558 3992 (exceptis
1570 3916 1598 3974 6.
1611 3917 1654 3996 9.)
1675 3915 1737 3976 Ber.
1759 3937 1785 3976 ι.
1800 3937 1827 3977 2.
1842 3917 1871 3979 d.
1884 3918 1913 3989 d.
1933 3917 2014 3980 Laid.

612 4038 641 4102 g.
655 4015 686 4076 b.
698 4018 718 4074 i.
734 4017 761 4074 l.
772 4037 813 4082 m.
834 4016 919 4074 Bern.
935 4037 959 4074 ι.
974 4035 1002 4076 a.
1023 4014 1163 4078 certabat.
1183 4013 1234 4073 dc.
1255 4015 1315 4073 inc.
1328 4034 1353 4079 ι.
1373 4017 1441 4077 vin.
1459 4039 1483 4078 ι.
1498 4018 1621 4088 liecurt,
1635 4019 1731 4082 Guell.
1742 4023 1771 4088 6.
1784 4046 1812 4104 7.
1825 4024 1855 4083 8.
1871 4044 1915 4085 ιι.
1929 4021 2014 4086 Bern.

617 4139 644 4186 ι,
664 4140 755 4198 ιιιιιιισ
769 4121 827 4180 illis
845 4121 1008 4180 modoetia..
1023 4120 1104 4180 Cort.
1123 4139 1288 4198 pronomen
1301 4119 1416 4184 delevit.
1436 4125 1506 4183 item
1520 4126 1597 4186 Edit.
1610 4126 1695 4186 Pario.

569 4339 575 4351 ι
692 4246 764 4336 Cep.
785 4249 834 4330 39.
855 4248 956 4312 ιιιίιιιιι
976 4258 1026 4313 ert.
1047 4257 1086 4308 ert
1105 4248 1182 4308 delet
1199 4247 1296 4310 Guelf.
1319 4272 1364 4314 ro.
1385 4225 1642 4318 imminute-aunt.
1662 4258 1702 4316 ita
1722 4258 1781 4316 inc.
1814 4257 1901 4317 llam.
1921 4257 2017 4321 Struit
