4570 5316
652 383 721 464 158

647 579 727 655 rat,
753 578 947 668 suspectus
973 563 1051 666 regi
1071 578 1110 638 ct
1131 562 1209 666 ipse
1225 587 1315 636 eum
1340 559 1567 666 suspiciens,
1594 585 1709 636 novas
1737 585 1793 636 res
1823 587 1961 665 cupere
1983 594 1990 634 :
2015 561 2067 638 ad

646 685 858 791 perniciem
882 686 961 762 eius
998 684 1134 762 dolum
1160 707 1350 787 quaerere,
1385 684 1447 758 die
1469 700 1664 787 noctuque
1691 681 1849 787 fatigare
1871 685 2066 780 animum;

647 809 817 912 denique
838 810 967 884 omnia
995 807 1233 913 temptando,
1253 807 1399 882 socium
1424 807 1497 881 sibi
1521 806 1699 911 adiungit
1725 807 1972 898 Nabdalsam,
1996 807 2067 885 ho·

645 933 790 1008 minem
814 932 1007 1021 nobilem,
1031 932 1179 1036 magnis
1196 931 1334 1036 opibus
1357 931 1507 1006 clarum
1523 946 1798 1035 acceptumque
1813 931 2065 1036 popularibus

644 1056 721 1130 suis
741 1087 749 1128 ε
773 1055 841 1157 qui
860 1055 1089 1158 plerumque
1104 1079 1271 1130 seorsum
1285 1055 1335 1130 ab
1357 1081 1442 1158 rege
1460 1055 1668 1130 exercitum
1699 1054 1868 1132 ductare
1882 1071 1921 1129 et
1941 1058 2063 1132 omnis

644 1205 701 1254 res
717 1179 871 1280 exsequi
884 1179 1017 1254 solitus
1031 1196 1131 1269 erat,
1152 1203 1239 1282 quae
1256 1175 1453 1283 lugurtboe
1476 1177 1568 1252 sesso
1592 1193 1661 1252 aut
1674 1176 1884 1254 maioribus
1907 1178 2063 1254 adstric-

645 1317 685 1379 to
706 1319 1001 1406 superaverant:
1029 1329 1076 1378 ex
1096 1329 1174 1406 quo
1197 1303 1256 1378 illi
1278 1302 1398 1406 gloria
1412 1327 1574 1405 opesque
1594 1300 1767 1376 inventae.
1827 1302 1948 1407 Igitur
1964 1305 2061 1378 utri-

643 1451 763 1529 usque
788 1425 947 1506 consilio
973 1425 1052 1502 dies
1077 1426 1224 1502 insidiis
1256 1426 1470 1500 statuiturx
1505 1441 1653 1515 cetera,
1683 1426 1747 1500 uti
1779 1451 1836 1500 res
1871 1445 2061 1530 posceret,

642 1573 689 1624 cx
707 1565 876 1653 tempore
891 1549 1020 1653 parari
1034 1548 1188 1652 placuit.
1239 1548 1429 1624 Nabdalsa
1442 1547 1492 1622 ad
1500 1549 1713 1632 ,exercitum
1729 1549 1929 1652 profectus,
1946 1578 2061 1652 quem

643 1672 744 1746 inter
761 1672 923 1750 hiberna
945 1675 1206 1760 Romanorum
1231 1674 1351 1748 iussus
1367 1670 1556 1760 habebat,
1581 1697 1631 1746 ne
1655 1699 1764 1778 ager,
1791 1673 1925 1747 inultis
1943 1671 2059 1748 hosti-

642 1795 736 1884 bus,
762 1813 981 1873 vastaretur.
1032 1800 1067 1870 Is
1089 1811 1294 1899 postquam
1317 1795 1584 1899 magnitudine
1604 1794 1783 1872 facinoris
1805 1797 1999 1899 perculsus
2010 1797 2059 1872 ad

643 1933 791 2022 tempus
812 1945 893 1994 non
910 1920 1014 1994 venit
1036 1935 1234 2022 metusque
1255 1945 1336 1992 rem
1360 1918 1616 2021 impediebat5
1651 1920 1838 1996 Bomilcar
1855 1921 1969 1995 simul
1991 1948 2056 1996 cu-

642 2042 755 2145 pidus
780 2043 931 2144 incepta
958 2040 1138 2144 patrandi
1171 2058 1209 2115 et
1233 2041 1368 2116 timore
1391 2041 1484 2116 socii
1509 2042 1666 2134 anxius,
1692 2069 1742 2118 ne
1769 2045 1903 2120 omisso
1935 2061 2056 2120 vetere

643 2164 806 2242 consilio
826 2191 971 2240 novum
995 2180 1198 2266 qtraereret,
1220 2162 1347 2236 literas
1369 2161 1528 2238 adeum
1548 2192 1618 2268 per
1639 2164 1812 2242 homines
1838 2167 1957 2242 tidelis
1971 2169 2056 2242 mit·

636 2289 710 2378 tit,
743 2287 784 2362 iu
811 2289 896 2389 quis
915 2285 1120 2360 mollitiam
1154 2285 1442 2387 socordiamque
1467 2286 1539 2362 viri
1568 2313 1763 2381 accusare,
1796 2292 1924 2366 testari
1951 2293 2053 2383 deos,

641 2437 712 2515 per
733 2435 828 2514 quos
849 2410 1066 2500 iuravisset;
1091 2433 1246 2486 monere
1264 2433 1314 2482 ne
1335 2409 1492 2511 praemia
1514 2410 1660 2486 Metelli
1677 2413 1719 2486 in
1741 2430 1884 2518 pestem
1899 2443 2054 2492 convor-

635 2549 768 2623 teret,
789 2531 985 2636 Iugurthae
1011 2531 1172 2606 exitium
1190 2531 1335 2620 adesse,
1360 2549 1529 2608 ceterum
1546 2561 1665 2611 suane
1685 2563 1736 2610 an
1754 2537 1895 2614 virtute
1911 2541 2051 2616 Metelli

641 2656 799 2759 periret,
819 2657 868 2732 id
889 2656 1004 2732 modo
1023 2655 1182 2760 agitari:
1203 2655 1371 2759 proinde
1388 2674 1583 2759 reputaret
1600 2687 1690 2736 cum
1705 2661 1835 2738 animo
1849 2689 1934 2754 suo,
1956 2691 2048 2770 prse-

590 2780 717 2868 vyrmia
753 2807 805 2854 an
836 2781 1051 2856 cruciatum
1082 2779 1222 2856 mallet
1271 2777 1344 2856 Sed
1377 2808 1501 2883 quum
1525 2779 1589 2858 xhae
1625 2782 1743 2859 literae
1768 2785 1923 2878 adlatae,
1956 2775 2048 2864 forte

639 2902 852 2994 Nabdalsa,
886 2903 1049 2980 exercito
1068 2929 1226 3006 corpore
1245 2901 1376 2993 lessus,
1404 2904 1447 2978 in
1468 2904 1565 2980 lecto
1578 2905 1811 3008 quiescebat3
1834 2909 1904 2986 ubi
1925 2912 2050 3018 cogni-

669 3111 675 3124 '
694 3098 827 3184 Cappa.
847 3111 1012 3182 stupratam
1031 3100 1112 3160 Laid.
1125 3121 1151 3160 c.
1164 3099 1262 3163 Guell.
1274 3099 1662 3182 armamentarium
1676 3123 1804 3185 quarere
1822 3111 1862 3170 ita
1874 3107 1935 3172 hac
1950 3110 2064 3180 laudat'

636 3205 717 3266 Non.
729 3207 757 3278 l.
769 3205 837 3278 438.
859 3207 918 3266 aius
933 3227 994 3266 om.
1011 3205 1096 3265 Bam.
1117 3205 1171 3266 diu
1189 3205 1286 3269 Sonat.
1302 3227 1326 3266 t.
1347 3207 1433 3267 llam.
1446 3227 1474 3267 a.
1495 3205 1594 3269 Guell.
1611 3230 1656 3270 12.
1679 3231 1720 3270 m.
1737 3211 1942 3274 emundatrice.
1963 3213 2046 3284 Nab-

639 3311 783 3371 dalsalem
811 3311 873 3368 Bas.
892 3311 922 3380 l.
949 3309 1136 3390 Nabdalsam
1151 3311 1275 3389 plurimi
1292 3311 1370 3371 libri.
1398 3311 1583 3374 Nabdalsam
1599 3316 1748 3380 «meliores.
1775 3338 1795 3376 a
1815 3337 1882 3398 rega
1900 3319 1969 3402 Τις.
1988 3320 2045 3379 Erl.

639 3409 701 3471 llas.
714 3413 742 3482 4.
761 3413 897 3472 asstricto
917 3413 978 3472 Bas.
994 3435 1019 3473 t.
1036 3413 1143 3494 parari
1158 3417 1280 3494 plurimi
1297 3416 1375 3475 libri.
1393 3437 1503 3496 parare
1516 3418 1603 3498 pauci
1621 3439 1655 3478 cx
1667 3419 1748 3480 Cort.
1769 3441 1844 3480 unus
1857 3421 1945 3484 llirii.
1966 3423 2045 3484 itud·

629 3525 683 3574 aas
700 3515 828 3575 hostibus
849 3515 958 3576 Fabric.
983 3519 1041 3578 inc.
1056 3537 1081 3578 t.
1103 3516 1201 3577 Gucll.
1212 3538 1244 3582 a.
1261 3537 1411 3598 perattstus
1430 3519 1508 3582 tttvti
1518 3519 1595 3581 libri.
1616 3523 1703 3583 simul
1712 3524 1896 3604 ortprdiaibm
1915 3526 1991 3587 llirii
2004 3530 2044 3586 li·-

628 3618 698 3692 bri,
720 3617 865 3680 accedunt
885 3621 973 3699 pauci
989 3631 1162 3681 ceterorum.
1175 3622 1207 3680 in
1222 3619 1303 3704 quib.
1320 3623 1388 3689 Nar.
1407 3623 1477 3708 teg.
1496 3626 1593 3688 Turio.
1616 3648 1656 3688 m.
1674 3647 1720 3708 pr.
1741 3629 1775 3690 in
1793 3630 1857 3708 quis
1872 3651 1973 3707 omnes
1987 3633 2044 3692 lere

635 3723 715 3784 libri.
734 3720 890 3785 mollitiam
908 3721 971 3782 Bas.
986 3744 1011 3783 ι.
1032 3725 1101 3784 vin.
1114 3745 1140 3784 ι.
1160 3725 1227 3786 San.
1242 3749 1268 3786 ι.
1289 3728 1387 3788 Gacls.
1405 3750 1432 3790 a.
1458 3731 1553 3792 strar.
1581 3732 1685 3793 Fratre.
1707 3733 1834 3798 bamb.
1855 3734 1924 3796 Tur.
1940 3755 2043 3796 ⁴secar·

625 3828 774 3909 ,diamqaa
792 3829 892 3910 pluras
906 3826 1009 3887 Cottii.
1029 3825 1110 3886 Leid-
1125 3847 1166 3886 m.
1186 3836 1305 3891 mamre
1324 3851 1361 3892 aa
1370 3834 1505 3912 prumtis.
1523 3855 1641 3898 monere
1659 3835 1778 3904 Fabric,
1790 3859 1816 3898 t.
1837 3860 1898 3900 om.
1919 3859 1957 3902 aa
1968 3860 2043 3906 oon-

627 3943 761 3995 ‹vartaret
780 3933 916 4003 Grattt.
937 3932 1033 3992 Strur.
1053 3931 1112 3995 inc.
1124 3951 1152 3990 a.
1165 3951 1217 3992 aa
1226 3933 1456 3998 Metelli-virtute
1474 3938 1541 4024 Teg.
1563 3941 1624 4000 Bas.
1639 3960 1664 4001 1.
1683 3940 1752 4001 'lura
1772 3941 1857 4002 Bern.
1876 3965 1901 4008 ι.

700 4059 833 4144 Capys.
854 4062 902 4121 ha
922 4059 965 4120 lit.
985 4077 1073 4141 pron.
1089 4077 1150 4122 om.
1163 4059 1230 4120 Son.
1245 4081 1271 4120 ι.
1296 4061 1469 4127 Nabdalsar
1485 4065 1614 4150 Thoana.
1636 4069 1726 4130 Palm.
1745 4069 1913 4132 Nabdalsa]
1937 4072 2041 4144 ΒΜ.

628 4167 797 4228 -aaarcitato
810 4185 890 4246 carp.
909 4165 979 4230 vin.
992 4186 1017 4225 ι.
1031 4163 1083 4224 Ac.
1093 4163 1260 4230 Stran‘iuc.
1272 4187 1299 4228 2.
1308 4165 1397 4228 Item.
1406 4191 1437 4232 a.
1452 4175 1554 4234 Erana.
1565 4173 1635 4235 Ecc-
1645 4174 1741 4236 Guoll.
1750 4176 1781 4236 6.
1793 4197 1821 4261 7.
1832 4197 1862 4257 9.
1880 4199 1926 4238 ιο.
1937 4199 1982 4238 n.
1994 4199 2044 4238 ra.

636 4270 870 4331 tutatum.
884 4270 1038 4350 capitatam
1054 4267 1195 4331 vetrtlam
1215 4281 1341 4352 quatuor
1349 4273 1478 4335 iunioras
1490 4273 1559 4336 libri
1575 4297 1611 4338 cx
1627 4277 1710 4340 Cart.
1724 4291 1789 4340 arat
1796 4281 1937 4343 rbiNum.
1955 4283 2041 4344 laid.

630 4379 658 4443 l.
672 4383 737 4438 arat
754 4373 890 4434 Numida
906 4374 1117 4441 ttem.1..ttaz.
1139 4379 1227 4438 taut.
1237 4395 1265 4436 a.
1279 4385 1315 4437 et
1327 4377 1471 4440 ¹omission.
1489 4387 1518 4440 at
1533 4399 1594 4442 om.
1607 4381 1692 4444 Bam.
1710 4405 1735 4445 r.
1749 4394 1784 4445 et
1799 4405 1837 4447 ea
1848 4387 2044 4449 ὀοπακωάἰ-
