4582 5320
600 333 647 415 62

596 493 782 589 fortitudo
796 528 977 604 ‘vocatur3
1002 538 1046 586 eo
1070 510 1282 615 respublica
1314 509 1357 584 in
1382 525 1548 584 extremo
1574 508 1645 582 sita
1674 523 1737 583 est
1780 509 1872 584 sin-t
1888 535 2002 598 saue,
2068 571 2074 580 ,

595 637 782 740 quoniam
808 637 862 710 ita
888 661 926 710 se
953 661 1073 708 mores
1103 633 1274 721 habent,
1311 631 1483 706 liberales
1512 659 1557 706 ex
1580 632 1771 711 sociorum
1807 631 2001 742 fortunis,

593 759 673 835 sint
693 757 948 836 misericordes
975 757 1018 830 in
1036 755 1185 830 furibus
1213 755 1364 829 aerarii:
1388 781 1438 831 ne
1468 754 1543 830 illis
1570 755 1796 860 sanguinem
1824 773 1999 836 nostrum

589 881 830 987 ‘largiantur3
863 897 902 956 et
929 881 1025 956 dum
1050 879 1181 984 paucis
1204 873 1391 953 sceleratis
1412 894 1600 981 parcunt,
1625 879 1746 958 bonos
1766 871 1889 954 omnis
1914 906 1999 982 put*

589 1003 721 1080 ditum
737 1021 836 1082 eant.
869 1006 968 1079 Bene
987 1019 1025 1078 et
1042 1001 1249 1107 composite
1272 1004 1309 1077 C.
1330 1003 1452 1077 Caesar
1468 1001 1600 1106 paullo
1626 1018 1716 1077 ante
1734 1001 1776 1076 in
1798 999 1873 1076 hoc
1896 1001 1998 1080 ordi·

587 1153 643 1202 ·ne
662 1128 710 1204 de
733 1129 811 1202 vita
841 1143 880 1202 et
910 1140 1032 1200 morte
1057 1125 1264 1218 disseruit;
1296 1124 1408 1199 credo
1445 1124 1539 1199 falsa
1565 1125 1795 1200 existumans
1819 1150 1883 1215 ea,
1913 1150 2000 1226 quoe

585 1249 640 1324 de
663 1249 794 1324 infer-is
813 1264 1097 1323 memorantur:
1124 1248 1272 1323 divorso
1295 1247 1430 1322 itinere
1449 1247 1568 1324 malos
1590 1275 1612 1322 a
1637 1248 1748 1322 bonis
1775 1248 1857 1322 loca
1881 1263 1994 1324 tetras

585 1373 756 1476 inculta,
779 1372 882 1446 foeda
916 1388 1037 1474 atque·
1050 1371 1294 1446 formidolosa
1314 1369 1463 1446 habere.
1498 1373 1632 1472 Itaque
1651 1370 1799 1446 censuit
1814 1369 1996 1474 pecunias

587 1523 726 1570 eorum
741 1495 1010 1599 publicandas,
1044 1496 1142 1600 ipsos
1173 1521 1242 1598 per
1265 1494 1477 1597 municipia
1504 1494 1547 1570 in
1571 1493 1751 1568 custodiis
1780 1492 2000 1587 habendos3

583 1618 766 1695 uidelicet
776 1619 938 1709 timens,
963 1645 1030 1708 ne,
1060 1619 1091 1692 si
1127 1619 1255 1692 Romae
1276 1617 1371 1706 sint,
1396 1633 1465 1691 aut
1491 1644 1513 1691 a
1535 1616 1801 1723 popularibus-2
1819 1617 1995 1693 coniura-

583 1743 706 1816 sionis
732 1758 800 1816 aut
824 1769 846 1816 a
866 1741 1116 1816 multitudiue
1137 1739 1327 1814 conducta
1350 1765 1419 1842 per
1439 1739 1518 1814 vim
1538 1739 1761 1842 eripiantur.
1797 1741 1917 1836 Quasi
1937 1767 1996 1816 ve-

502 1877 507 1888 '
582 1893 634 1940 ro
648 1865 740 1940 mali
758 1879 873 1968 atquc
892 1863 1036 1940 scelesti
1057 1859 1323 1938 tantummodo
1347 1861 1389 1934 in
1407 1861 1522 1950 urbe,
1547 1878 1586 1936 et
1604 1889 1685 1936 non
1708 1890 1777 1966 per
1793 1879 1912 1938 totam
1921 1865 1996 1940 Ita-

584 1987 684 2062 liam
705 1988 800 2080 sint3
825 2004 990 2061 autnon
1012 1986 1066 2059 ibi
1090 1985 1177 2090 plus
1204 1985 1320 2089 possit
1340 1984 1522 2074 audacia,
1547 1985 1616 2060 ubi
1639 1985 1688 2060 ad
1710 1975 1993 2063 defendendum

585 2135 678 2213 opes
693 2109 867 2184 minores.
905 2110 1036 2206 Quare
1055 2135 1200 2183 vanum
1230 2108 1407 2210 equidem
1432 2106 1506 2183 hoc
1527 2107 1730 2184 consilium
1749 2126 1819 2201 est,
1845 2110 1876 2184 si
1896 2111 1994 2213 peri·

574 2232 722 2322 ¹culum
743 2258 789 2306 ex
812 2231 886 2304 illis
908 2232 1046 2318 metuit
1054 2263 1064 2323 ;
1094 2232 1153 2305 sin
1179 2232 1225 2306 in
1255 2247 1362 2305 tanto
1388 2232 1563 2306 omnium
1586 2248 1692 2307 metu
1714 2233 1814 2306 solus
1842 2260 1923 2307 non
1948 2233 1993 2308 ti-

584 2371 687 2448 -met;
710 2380 755 2429 eo
776 2354 893 2458 magis
917 2353 1031 2428 refert
1049 2380 1110 2428 me
1137 2351 1234 2427 mihi
1254 2369 1370 2454 atque
1392 2353 1497 2428 vobis
1521 2353 1660 2429 timere.
1712 2357 1843 2452 Quare
1871 2383 1993 2458 quum

582 2476 635 2550 de
656 2479 692 2549 Ρ.
714 2475 878 2551 Lentulo
899 2476 1105 2578 ceterisque
1136 2476 1321 2567 statuetis,
1345 2503 1416 2580 pro
1438 2493 1541 2552 certo
1565 2475 1761 2568 habetote,
1785 2504 1849 2554 vos
1877 2480 1991 2554 simul

581 2597 635 2674 de
654 2599 821 2674 exercitu
842 2598 1017 2674 Catilina
1040 2615 1078 2673 et
1100 2599 1148 2674 de
1164 2601 1342 2675 omnibus
1359 2599 1567 2674 coniuratis
1585 2599 1795 2677 decernere.
1833 2604 1990 2699 Quanto

579 2747 650 2816 uos
675 2722 857 2796 attentius
880 2748 923 2796 ea
941 2722 1073 2826 agetis,
1100 2739 1207 2797 tanto
1230 2722 1305 2796 illis
1326 2724 1477 2798 animus
1500 2722 1691 2800 infirmior
1711 2727 1801 2814 erit,
1825 2727 1855 2800 si
1880 2726 1991 2830 paul·

530 2936 535 2945 Ι
580 2845 714 2922 ‚lulum
743 2845 857 2920 modo
886 2871 949 2920 uos
972 2845 1153 2950 languere
1177 2845 1361 2936 viderint,
1396 2846 1476 2920 iam
1498 2872 1627 2925 omnes
1648 2847 1791 2924 feroces
1810 2849 1987 2926 aderunt

586 3077 631 3128 tus
647 3070 678 3130 in
693 3067 790 3128 Turio.
813 3087 837 3125 ι.
864 3065 965 3140 cerari.
985 3066 1071 3126 Bern.
1085 3065 1114 3137 4.
1136 3066 1182 3126 illi
1194 3066 1369 3146 sangninem
1398 3066 1467 3129 Vin.
1481 3087 1508 3126 2.
1529 3065 1591 3133 Bas.
1608 3089 1634 3128 a.
1653 3067 1704 3129 de.
1724 3072 1819 3130 Struv.
1842 3069 1939 3130 Gueli.
1957 3073 1985 3142 4.

583 3193 635 3232 -ιο.
654 3172 736 3232 Leid.
750 3173 778 3231 k.
792 3170 878 3248 salsa
892 3172 990 3231 cralo.
1012 3172 1054 3230 ita
1070 3170 1170 3232 edidit
1183 3172 1264 3232 Cort.
1283 3191 1317 3231 ex
1333 3172 1462 3253 ingenio.
1482 3171 1515 3231 in
1529 3173 1667 3235 ousiosis
1681 3177 1764 3239 omis.
1780 3173 1927 3235 Commel.
1956 3177 1989 3234 iu

584 3276 718 3335 muenia
732 3275 818 3335 >Leia
833 3275 860 3332 k.
890 3273 1158 3349 vinaticorum,
1179 3287 1212 3337 ut
1234 3286 1286 3338 aut
1302 3299 1322 3336 a
1333 3299 1401 3358 pop.
1423 3277 1520 3338 Guell.
1536 3281 1563 3338 5.
1585 3279 1731 3340 Commel.
1751 3279 1818 3344 Nan.
1853 3281 1988 3340 videlieet

585 3379 718 3436 nonfuit
736 3380 767 3438 in
783 3379 870 3438 Pelet.
887 3383 915 3440 ὅ.
939 3380 987 3439 vet
1001 3381 1105 3452 timeres
1133 3383 1230 3444 Stmr.
1259 3404 1362 3444 vorum
1378 3384 1442 3443 tim.
1467 3382 1608 3456 Palat'l.
1637 3395 1669 3444 ut
1686 3387 1789 3445 timeres
1816 3385 1914 3443 Gueli.
1940 3405 1984 3444 ro.

583 3480 689 3545 timens
703 3481 787 3538 omis.
816 3471 877 3544 Bas.
896 3503 921 3540 r.
948 3492 977 3542 ct
991 3503 1054 3543 non
1062 3473 1125 3564 per.
1147 3495 1175 3546 st
1191 3506 1252 3548 om.
1274 3509 1351 3547 unus
1367 3487 1419 3554 lib,
1441 3487 1529 3559 Ririi,
1549 3488 1646 3548 Gusll.
1663 3489 1690 3548 5.
1708 3489 1737 3547 6.
1768 3488 1895 3549 minores
1907 3499 1988 3550 uod.

582 3584 643 3645 dut
668 3583 753 3646 Beru.
767 3601 793 3642 a.
814 3582 899 3643 Febr.
915 3569 940 3643 i.
960 3584 1021 3646 Bas.
1037 3587 1066 3658 4.
1088 3589 1166 3648 delet
1181 3589 1285 3656 Basa.
1307 3591 1461 3652 consilinm
1471 3601 1521 3652 est.
1542 3599 1583 3652 ur
1597 3613 1657 3654 om.
1673 3592 1771 3652 Guell.
1789 3613 1835 3652 ro.
1855 3603 1984 3654 estcons.

579 3688 708 3751 licius.
727 3687 776 3748 sin
792 3687 834 3746 in.
852 3688 994 3749 siomnes
1010 3691 1103 3751 Cortii
1119 3690 1215 3752 codd.
1234 3693 1316 3754 leid.
1330 3697 1387 3778 fig.
1400 3716 1441 3755 m.
1455 3717 1487 3756 n.
1513 3696 1605 3759 Mark.
1615 3709 1645 3760 r.
1661 3716 1770 3756 *omncs
1785 3695 1848 3762 Bas.
1867 3697 1937 3756 Tur.
1958 3705 1992 3762 ι.’

584 3815 616 3878 π.
632 3789 759 3853 Reme.
780 3793 870 3870 refert
886 3812 933 3852 ms
948 3795 1031 3854 mihi.
1054 3817 1100 3856 me
1117 3800 1202 3857 omis.
1221 3800 1323 3861 insert.
1339 3820 1364 3858 ι.
1392 3798 1491 3860 Guelf.
1506 3820 1533 3860 a.
1547 3800 1576 3862 Ξ.
1589 3801 1618 3860 6.
1636 3822 1665 3882 7.
1685 3800 1767 3860 leid.
1781 3821 1821 3864 m.
1844 3802 1919 3860 mihi
1939 3815 1993 3862 mc'

581 3897 679 3959 Guelf.
692 3917 720 3963 s.
740 3899 800 3959 inc.
816 3917 844 3958 2.
864 3916 933 3982 cum
946 3901 984 3958 de
994 3900 1107 3960 lamule
1126 3899 1188 3962 Bas.
1205 3922 1231 3963 ι.
1260 3903 1407 3980 infirmior
1422 3903 1488 3964 erit.
1503 3905 1565 3966 ,erit
1586 3905 1683 3966 Guell.
1696 3925 1726 3985 9.
1746 3906 1778 3964 in
1797 3907 1938 3988 margins,
1952 3911 1984 3966 in
2093 3939 2097 3958 ι

580 4001 666 4067 Fabr.
677 4023 705 4062 a.
726 4005 826 4062 locum
842 4011 946 4062 mutat.
964 4004 1119 4084 puulrdtun
1138 4008 1237 4068 modo.
1270 4010 1359 4070 modo
1379 4006 1459 4069 abest
1477 4008 1528 4075 Ac.
1549 4011 1608 4071 inc.
1626 4030 1654 4069 a.
1674 4009 1755 4069 Laid.
1767 4007 1799 4074 h.
1819 4009 1996 4072 stiraceas·

577 4104 665 4165 ‘Fabrss
686 4105 774 4167 llirii.
794 4103 913 4188 lugunt.
935 4105 1046 4170 Cir-D.
1060 4109 1088 4168 5.
1109 4129 1155 4170 ια.
1177 4129 1230 4171 uos
1244 4111 1423 4173 haberemus.
1443 4131 1569 4173 uosom.
1591 4113 1660 4174 lice.
1680 4113 1769 4174 dead.
1790 4115 1849 4175 in‘c.
1862 4135 1888 4175 a.
1909 4120 1997 4196 plu·'

574 4227 624 4310 ,res
636 4209 749 4272 waeii.
765 4229 818 4282 nos
831 4230 898 4272 sam
926 4211 994 4296 Τις.
1015 4213 1145 4280 Markr.
1164 4213 1280 4279 Tuan.
1301 4213 1386 4278 Bam.
1403 4236 1429 4278 ι..
1449 4217 1547 4278 maior
1562 4216 1749 4300 eopr'oknobis
1782 4217 1997 4292 Bas-1..3.4.'
