4570 5316
639 442 725 516 168³

633 643 715 697 rem
739 634 961 721 corruptam
984 613 1088 691 domi
1103 615 1247 718 ¹poenas
1273 623 1474 707 metuunt}
1505 611 1719 714 criminari,
1754 611 2045 724 Carthaginien-

632 767 688 817 ses
708 757 799 816 ante
827 757 974 844 tempus
991 739 1114 814 ‘domo
1136 739 1333 842 digressos,
1357 737 1589 814 'conturbare
1608 763 1711 812 rem:
1736 736 1903 839 denique
1915 737 2043 811 omnia

632 863 747 939 malle
774 890 891 967 quam
922 861 1012 938 victi
1042 861 1157 936 abire.
1216 858 1289 935 Sed
1322 887 1446 963 quum
1480 859 1591 936 Poeni
1620 858 1737 933 aliam
1764 859 2046 948 conditionem,

632 986 900 1061 tantummodo
924 1009 1095 1088 aequam,
1122 996 1311 1086 peterent,
1348 981 1474 1058 Graeci
1504 981 1701 1088 optionem
1727 980 2045 1086 Carthaginiensi-

631 1135 700 1184 um
721 1108 891 1198 facisne
913 1122 958 1183 ut
984 1107 1042 1182 vel
1076 1106 1152 1194 illi,
1178 1130 1273 1205 quos
1309 1103 1395 1181 finis
1421 1106 1566 1210 populo
1582 1131 1651 1180 suo
1676 1121 1865 1210 peterent,
1891 1106 1945 1181 ibi
1970 1107 2045 1182 rivi
2166 1157 2169 1164 -

632 1232 887 1308 obruerentur
902 1262 912 1325 3
928 1230 988 1305 vel
1008 1228 1141 1306 eadem
1166 1228 1388 1304 conditione
1408 1254 1504 1318 sese,
1526 1255 1642 1331 quem
1664 1229 1706 1302 in
1732 1229 1860 1304 locum
1886 1228 2044 1318 vellent,

631 1379 876 1460 processuros.
928 1351 1109 1443 Philaeni,
1123 1351 1351 1428 'conditione
1378 1353 1560 1456 probata,
1583 1377 1696 1454 seque
1724 1352 1918 1454 vitamque
1936 1378 2044 1428 suam
2164 1405 2165 1410 ,

633 1478 854 1583 reipublicae
877 1467 1162 1570 condonavere3
1195 1477 1248 1550 it'a
1273 1463 1349 1551 vivi
1381 1476 1518 1550 obruti.
1570 1475 1897 1580 Carthaginienses
1913 1547 1916 1554 Δ
1933 1477 1975 1552 in
1999 1503 2042 1552 eo

637 1601 721 1676 loco
739 1601 919 1676 Philaenis
940 1597 1123 1675 fratribus
1145 1625 1229 1674 aras
1250 1625 1513 1675 consecravere
1523 1631 1532 1692 3
1548 1597 1691 1701 aliique
1708 1599 1783 1674 illis
1802 1598 1905 1673 domi
1923 1599 2042 1676 hono·

583 1739 622 1801 80
638 1749 696 1799 res
718 1723 893 1798 instituti.
943 1724 1056 1798 Nunc
1090 1722 1141 1797 ad
1167 1748 1248 1797 rem
1286 1723 1405 1797 redeo.
1456 1720 1642 1827 Iugurtha
1665 1739 1884 1826 postquam,
1909 1726 2041 1800 amissa

631 1845 773 1934 Thala,
796 1845 898 1919 nihil
927 1841 1014 1920 satis
1049 1845 1204 1919 lirmum
1226 1863 1360 1920 contra
1389 1847 1588 1958 Metellum
1625 1863 1762 1949 putat,
1790 1875 1859 1951 per
1889 1876 2041 1954 magnas

631 1969 855 2043 solitudines
893 1995 982 2042 cum
1015 1968 1147 2068 paucis
1184 1959 1398 2068 profectus,
1432 1967 1606 2071 pervenit
1633 1968 1683 2043 ad
1712 1969 1901 2060 Gaetulos‚
1926 2000 2041 2078 genus

631 2089 837 2165 hominum
865 2087 991 2162 ferum
1018 2087 1309 2190 incultumque,
1341 2107 1379 2164 et
1403 2115 1447 2164 eo
1478 2106 1646 2195 tempore
1676 2093 1853 2197 ignarum
1876 2098 2041 2172 nominis

632 2213 804 2288 Romani.
854 2215 999 2286 Eorum
1016 2211 1307 2286 multitudinem
1327 2213 1369 2286 in
1393 2241 1518 2302 unum
1544 2215 1644 2320 cogit
1663 2241 1707 2290 ac
1732 2196 2040 2328 paullatim-con-

633 2337 792 2412 suefacit
818 2335 971 2410 ordines
995 2333 1160 2422 habere,
1189 2335 1294 2439 signa
1323 2337 1452 2437 sequi,
1479 2338 1685 2444 imperium
1712 2341 1925 2428 obseruare,
1950 2343 2038 2416 item

633 2459 708 2531 alia
746 2456 927 2530 militaria
957 2456 1086 2530 facere.
1138 2460 1319 2530 Praeterea
1352 2457 1446 2560 regis
1483 2456 1623 2532 Bocchi
1663 2485 1868 2561 proxumos
1896 2466 2039 2568 magnis

633 2580 858 2656 muneribus
881 2595 919 2653 et
942 2579 1151 2653 maioribus
1176 2579 1366 2682 promissis
1397 2579 1446 2652 ad
1465 2580 1636 2654 studium
1658 2583 1716 2656 sui
1738 2583 1931 2685 perducit3
1955 2589 2039 2690 quis
2110 2620 2114 2626 ¹

634 2702 873 2779 adiutoribus
904 2727 1028 2804 regem
1050 2701 1241 2804 adgressus
1260 2701 1442 2804 impellit,
1469 2702 1530 2786 uti
1552 2703 1730 2780 advorsus
1750 2708 1939 2783 Romanos
1963 2711 2040 2784 bel-

634 2828 718 2902 lum
742 2826 933 2930 incipiat,
962 2824 1009 2899 ld
1035 2851 1077 2900 ea
1089 2825 1211 2928 gratia
1226 2824 1374 2899 facilius
1391 2825 1627 2930 proniusque
1640 2827 1732 2918 fuit,
1755 2831 1860 2932 quod
1873 2833 2039 2909 Bocchus

634 3029 732 3090 Pemb.
751 3039 858 3108 poster.
871 3049 901 3088 sc
913 3026 1091 3089 succident.
1106 3048 1162 3088 esse
1175 3048 1235 3088 om.
1251 3027 1313 3088 Bes.
1327 3049 1351 3087 ι.
1367 3029 1426 3089 inc.
1444 3049 1471 3090 2.
1485 3029 1563 3090 leid.
1574 3052 1605 3090 n.
1626 3033 1725 3092 sidant
1737 3054 1766 3094 sc
1782 3035 2041 3118 oliqrsonlolposle-

634 3135 731 3194 riores.
744 3135 828 3194 Bern.
841 3155 865 3192 ι.
887 3135 1112 3212 domoegressos
1125 3132 1208 3194 taba
1221 3132 1289 3192 vin.
1307 3154 1332 3199 ι.
1345 3133 1429 3193 Rem.
1443 3156 1468 3198 ι.
1490 3134 1587 3201 Guell.
1603 3157 1647 3198 12.
1669 3139 1770 3198 omnm
1778 3142 1846 3210 poti
1856 3143 2039 3221 mallequom

632 3239 721 3298 victos
735 3237 815 3297 abire
834 3237 998 3298 Bern.1.5.
1020 3237 1065 3296 uti
1075 3238 1119 3297 vel
1132 3234 1187 3301 illi.
1208 3238 1253 3296 uti
1271 3258 1332 3298 om.
1351 3238 1419 3298 Vin.
1436 3259 1461 3297 1.
1482 3239 1580 3301 Gusll.
1596 3247 1623 3323 7.
1642 3264 1687 3302 12.
1709 3255 1767 3322 opt.
1785 3243 2041 3326 Carthaginiensi-

514 3381 515 3384 *
634 3341 684 3400 bus
698 3342 782 3400 Bern.
799 3362 825 3400 1.
848 3345 984 3419 quofines
1002 3342 1062 3400 inc.
1075 3341 1160 3401 llam.
1175 3363 1200 3402 ι.
1222 3341 1325 3402 Fraus.
1346 3340 1438 3404 lead,
1454 3343 1554 3404 Vinar.
1570 3365 1596 3404 2.
1618 3347 1697 3407 Vrat.
1713 3347 1742 3407 3.
1764 3348 1830 3412 Ecc.
1853 3350 1948 3418 Guell.
1963 3355 1991 3413 6.
2005 3364 2036 3433 7.

634 3465 664 3524 9.
684 3464 728 3500 ιι.
748 3464 793 3502 12.
813 3445 944 3521 quiflnes
963 3443 1060 3505 Guell.
1078 3467 1102 3505 ι.
1125 3445 1242 3506 Comm.
1264 3447 1412 3527 vitataque
1421 3468 1506 3508 ersom
1523 3470 1625 3512 omnes
1633 3452 1710 3513 libri.
1730 3472 1763 3513 eo
1778 3453 1811 3512 in
1825 3455 1889 3515 loeo
1903 3457 2034 3520 Gnell.3.
2104 3444 2109 3452 ’

635 3547 774 3623 aliterque
787 3543 845 3606 illis
862 3545 923 3605 Bas.
941 3566 968 3606 1.

719 3670 791 3752 Cap.
805 3673 855 3736 80.
876 3671 910 3730 in
923 3692 1015 3732 unum
1028 3676 1121 3755 coegit
1139 3677 1241 3738 Vinsr.
1254 3697 1280 3737 2.
1301 3676 1390 3739 dead.
1411 3682 1471 3741 ine.
1482 3701 1509 3746 2.
1532 3681 1616 3742 llam.
1632 3705 1658 3743 r.
1687 3685 1748 3746 Bas.
1763 3687 1792 3757 l.
1819 3689 1915 3751 Guelf.
1930 3713 1956 3753 a.
1968 3695 1995 3764 4.
2006 3695 2035 3754 6.
2053 3650 2056 3660 Ι

639 3801 685 3846 ιο.
698 3799 744 3839 12.
764 3776 847 3839 Leid.
862 3773 969 3850 l›.,d.e.
981 3797 1111 3858 μοις.
1125 3778 1158 3852 in
1171 3800 1224 3840 un.
1244 3781 1304 3841 Erl.
1325 3785 1501 3862 consuefieit
1520 3785 1616 3846 Guell.
1630 3789 1658 3848 3.
1677 3810 1723 3849 ια.
1741 3794 1894 3871 proximos
1904 3799 2037 3858 muneri·
2083 3763 2088 3776 .

634 3885 687 3945 bus
702 3881 859 3944 maioribus
875 3879 1025 3962 momusis
1043 3882 1112 3944 vin.
1125 3903 1151 3942 ι.
1171 3885 1219 3944 sui
1229 3887 1275 3946 od
1293 3885 1423 3948 studium
1442 3889 1556 3950 Fabiis.
1574 3911 1598 3949 ι.
1619 3891 1687 3975 Teg.
1708 3893 1769 3954 Bas.
1781 3896 1809 3966 4.
1831 3898 1899 3963 Tur.
1927 3911 1959 3960 ut
1976 3905 2037 3962 adp
2085 3871 2087 3878 Ι

634 4009 729 4064 versus
736 3987 887 4048 Romanos
906 3985 968 4046 uas.
986 4006 1011 4044 r.
1030 3986 1130 4047 Viner.
1151 4006 1176 4046 1.
1198 3986 1308 4050 Febris.
1324 4009 1352 4050 2.
1373 3993 1435 4053 inc.
1454 3993 1557 4057 Franc.
1578 3994 1662 4056 Bern.
1673 3997 1702 4057 ὅ.
1730 3999 1861 4082 incepto
1878 4005 1946 4065 belli
1955 4006 2036 4066 Gru·
2084 3975 2088 3983 ι

634 4095 739 4168 teriam
757 4093 909 4161 meliores,
930 4088 1024 4150 Corui
1036 4091 1163 4171 aliquot,
1184 4090 1262 4158 nivii
1275 4113 1387 4167 omnes.
1405 4097 1455 4157 sed
1473 4096 1679 4178 riweptogbsllo
1698 4101 1798 4164 Vinar.
1818 4107 1886 4166 Seu.
1903 4109 2033 4176 alienes.

635 4194 739 4255 Franc.
757 4196 838 4256 Vrat.
849 4216 877 4259 a.
897 4195 982 4266 Rem.
1005 4215 1030 4254 ι.
1051 4194 1148 4257 Guell.
1158 4195 1188 4257 3.
1200 4196 1229 4268 4.
1240 4218 1268 4278 7.
1280 4218 1312 4257 ιι
1327 4240 1336 4260 .
1351 4219 1397 4260 12:
1418 4201 1581 4267 Iaeid.b.d.
1597 4203 1720 4284 incipiat
1735 4228 1837 4271 omnes
1847 4213 1928 4282 leid.
1948 4213 2034 4276 Rem.
2092 4273 2095 4278 .

637 4296 773 4359 cuens
787 4318 816 4378 9.
836 4297 1108 4370 sas...1.t.⁴ru1u.
1126 4299 1212 4364 uem.
1230 4323 1257 4364 t·
1286 4301 1423 4386 mesas
1445 4306 1479 4364 sn
1500 4305 1605 4367 saum
1623 4308 1683 4374 ni.
1704 4312 1777 4374 sea
1806 4339 1866 4378 om.
1895 4322 1954 4382 aa.
1972 4321 2037 4398 qua
2065 4300 2067 4304 ’
