4582 5320
644 355 721 446 ,130

649 529 763 606 noxia
782 544 897 634 atque
916 554 959 604 eo
979 525 1167 633 perculsa,
1184 523 1300 603 modo
1317 551 1386 630 per
1403 523 1521 602 socios
1537 549 1582 600 ae
1606 549 1747 601 nomen
1763 524 1964 615 Latinum,
1987 525 2044 598 io·
2103 569 2106 576 ·

649 652 801 730 terdum
823 679 893 758 per
911 652 1055 755 equites
1072 655 1274 741 Romanos,
1294 675 1389 753 quos
1410 673 1492 753 spes
1511 648 1697 724 societatis
1712 677 1735 724 a
1748 649 1861 755 plebe
1881 649 2042 726 dimove·

648 793 723 867 rat,
750 773 1017 852 Gracchorum
1042 774 1256 850 actionibus
1285 773 1437 850 obviam
1469 771 1582 848 ierat:
1606 787 1644 848 et
1668 772 1794 876 primo
1823 771 2041 864 Tiberium,

648 897 738 973 dein
767 923 909 1001 paucos
931 914 1017 1004 post
1037 924 1157 974 annos
1190 897 1321 974 eadem
1347 895 1622 1001 ingredientem
1649 896 1805 989 Caium,
1826 896 2042 970 Tribunum

648 1021 827 1113 alterum,
848 1022 1013 1098 alterum
1031 1021 1294 1097 Triumvirum
1313 1019 1472 1096 coloniis
1502 1017 1748 1110 deducendis,
1774 1047 1865 1095 cum
1884 1019 1935 1093 tt
1956 1015 2041 1092 Ful-

647 1144 708 1218 vio
728 1144 865 1220 Flacco
889 1145 990 1220 ferro
1013 1161 1221 1222 necaverat
1270 1147 1320 1218 Et
1345 1169 1435 1220 sane
1458 1141 1642 1219 Gracchis
1669 1143 1851 1247 cupidine
1879 1141 2041 1217 rictoriae

646 1265 753 1342 baud
769 1268 858 1342 satis
866 1268 1082 1345 moderatus
1100 1267 1251 1344 animus
1267 1267 1350 1342 luit
1384 1265 1455 1342 Sed
1472 1267 1576 1342 bono
1590 1267 1693 1343 vinci
1709 1267 1824 1342 satius
1841 1283 1910 1355 est,
1928 1291 2040 1368 quam

646 1391 748 1466 malo
778 1417 884 1468 more
903 1392 1086 1467 iniuriam
1107 1393 1265 1466 vincere.
1316 1390 1437 1496 Igitur
1457 1415 1501 1466 ea
1527 1389 1685 1466 victoria
1713 1389 1891 1464 nobilitas
1912 1415 1959 1462 ex
1986 1388 2040 1460 lu·

646 1513 780 1589 bidine
805 1541 873 1590 sua
897 1540 986 1606 usa,
1020 1515 1161 1590 multos
1188 1512 1358 1588 mortalis
1381 1513 1482 1590 ferro
1509 1528 1579 1588 aut
1597 1512 1687 1617 fuga
1718 1511 1914 1598 exstinxit,
1947 1509 2043 1614 plus·

645 1663 721 1740 que
753 1637 795 1713 in
820 1639 1014 1742 reliquum
1040 1638 1113 1714 sibi
1141 1638 1286 1711 timoris
1310 1663 1429 1738 quam
1455 1637 1635 1740 potentiae
1666 1635 1825 1711 addidit.
1873 1635 1970 1730 Quae
1990 1657 2041 1706 res

643 1760 871 1864 plerumque
883 1787 1038 1866 magnas
1059 1761 1230 1837 civitates
1245 1785 1394 1863 pessum
1408 1758 1533 1836 dedit:
1562 1747 1657 1835 dum
1675 1759 1784 1835 alteri
1806 1757 1942 1833 alteros
1961 1755 2039 1830 vin-

645 1908 728 1958 cere
749 1883 882 1985 quovis
901 1882 1016 1959 modo
1038 1899 1076 1958 et
1092 1883 1208 1957 victos
1220 1882 1392 1958 acerbius
1411 1881 1544 1959 ulcisci
1562 1881 1709 1959 volunt.
1757 1881 1829 1958 Sed
1848 1881 1896 1956 de
1910 1878 2039 1954 studiis

644 2005 813 2118 partium
823 2021 861 2081 et
870 2007 993 2080 omnis
1005 2006 1166 2081 civitatis
1184 2006 1354 2082 moribus
1364 2006 1395 2082 si
1407 2006 1629 2114 singulatim
1640 2023 1710 2081 aut
1726 2031 1797 2110 pro
1814 2000 2039 2109 magnitudi-

644 2155 694 2205 ne
705 2155 836 2233 parem
849 2128 1043 2218 disserere,
1054 2145 1202 2234 tempus
1214 2156 1332 2232 quam
1343 2155 1399 2206 res
1409 2129 1595 2208 maturius
1608 2156 1668 2206 me
1680 2129 1831 2206 deseret
1849 2122 2039 2225 Quamob-

597 2265 634 2334 lt
645 2279 725 2328 rem
738 2252 787 2328 ad
798 2254 995 2356 inceptum
1006 2253 1128 2328 redeo.
1154 2256 1240 2328 Post
1249 2253 1338 2328 Auli
1350 2252 1475 2328 foedus
1499 2252 1758 2356 exercitusque
1770 2250 1889 2327 nostri
1902 2247 2038 2323 foedam

645 2375 791 2480 fugam,
812 2376 988 2452 Metellus
1007 2392 1045 2452 et
1070 2375 1220 2451 Silanus
1236 2375 1414 2452 Consules
1434 2374 1639 2481 designati,
1657 2375 1872 2480 provincias
1895 2372 2038 2448 interse

645 2498 901 2604 partirerant:
934 2499 1165 2602 Metelloque
1191 2498 1370 2576 Numidia
1395 2514 1584 2590 evenerat,
1607 2499 1686 2576 acri
1712 2497 1815 2589 viro,
1838 2511 1878 2572 et
1910 2519 2036 2598 quam-

645 2649 762 2723 quam
786 2622 942 2699 advorso
965 2621 1100 2727 populi
1119 2621 1308 2726 partium,
1328 2621 1428 2698 fama
1448 2637 1575 2699 tamen
1596 2623 1777 2726 aequabili
1794 2637 1832 2699 et
1853 2619 2036 2699 inviolato.

641 2843 757 2904 addunt
770 2847 857 2924 pauci
877 2844 955 2918 libri,
970 2845 1048 2925 iique
1065 2843 1234 2917 deteriores,
1254 2844 1337 2903 Leid.
1349 2842 1420 2926 gt.
1440 2843 1526 2905 Bern.
1540 2864 1565 2911 ι.
1586 2845 1813 2907 colonisdedne.
1834 2843 1954 2905 rates.
1976 2841 2036 2902 tec.

643 2949 739 3008 Senat.
753 2969 779 3008 a.
799 2949 897 3021 baad.
919 2957 1094 3010 necaverant
1114 2947 1211 3006 Guell.
1225 2969 1248 3010 ι.
1270 2947 1355 3007 Paris.
1369 2946 1400 3007 d.
1419 2946 1488 3007 Tur.
1504 2971 1545 3010 m.
1560 2971 1615 3011 sec.
1636 2951 1801 3012 baudastis
1816 2950 1939 3026 onas.
1958 2946 2037 3007 Febr.

646 3075 669 3112 ι.
685 3064 714 3113 et
726 3054 777 3114 alii
792 3063 917 3134 quatuor
938 3074 971 3114 ex
988 3052 1069 3112 Cort.
1098 3050 1166 3133 Teg.
1187 3050 1284 3112 Turio.
1315 3052 1411 3114 omno
1424 3050 1479 3124 civ.
1495 3053 1600 3115 morib.
1620 3054 1717 3116 Guell.
1728 3055 1757 3116 3.
1777 3055 1838 3114 Bas.
1856 3077 1881 3120 ι,
1901 3054 1996 3116 Senot
2014 3069 2037 3108 Ι·

642 3179 681 3222 ιιι.
703 3177 749 3238 pr.
771 3157 881 3225 terni.
904 3177 950 3218 me
965 3156 1106 3218 desereret
1124 3156 1186 3215 Bas.
1202 3178 1233 3232 ι.
1247 3155 1342 3220 Stmr.
1362 3159 1421 3219 inc.
1435 3179 1462 3218 ι.
1482 3157 1580 3219 Guell.
1601 3180 1646 3220 ιι.
1665 3179 1711 3221 ιι.
1738 3159 1818 3220 leid.
1833 3157 1864 3218 b.
1879 3159 1909 3219 d.
1921 3179 1954 3219 n.
1972 3155 2036 3240 Teg-

641 3263 724 3326 Bern.
742 3283 766 3320 ι.
796 3285 841 3324 me
862 3268 970 3325 decern
989 3261 1073 3322 Febr.
1094 3263 1190 3322 Senot.
1209 3283 1233 3320 ι.
1261 3263 1360 3323 Vinar.
1373 3283 1401 3323 ι.
1430 3263 1544 3325 incert..
1559 3284 1586 3324 ι.
1607 3264 1704 3324 Gucll.
1718 3285 1745 3326 s.
1757 3265 1786 3329 ὅ.
1814 3263 2035 3342 Leid.c.e.l.g.

640 3367 661 3422 i·
675 3366 702 3425 l.
715 3371 735 3427 l.
758 3369 817 3428 Erl.
837 3367 922 3428 Rern.
936 3367 965 3431 t.
986 3387 1031 3426 me
1043 3368 1156 3427 deserat
1176 3363 1264 3428 lead.
1285 3365 1354 3432 Tur.
1376 3389 1417 3428 m.
1434 3387 1490 3429 soc.
1517 3387 1564 3428 me
1574 3389 1635 3430 om.
1649 3370 1763 3451 aliquot
1776 3369 1853 3432 llivii
1864 3367 1942 3428 libri.
1962 3365 2036 3428 leid.

641 3493 667 3528 a.
681 3469 711 3528 h.
728 3491 758 3530 m

724 3593 796 3676 Cap.
812 3595 861 3666 45.
880 3595 950 3656 Post
965 3594 1183 3673 Albinijoedns
1204 3609 1258 3657 tres
1275 3602 1407 3660 meliores
1419 3600 1547 3662 Gruteri.
1574 3601 1640 3668 Sen.
1657 3623 1682 3661 ι.
1704 3601 1802 3662 Guell.
1816 3621 1843 3662 ι.
1865 3623 1906 3662 m.
1917 3622 1964 3680 pr.
1986 3603 2035 3661 Fa·

641 3703 713 3766 bric.
729 3724 753 3766 ι.
775 3719 880 3764 m.sec.
905 3699 942 3778 Q.
953 3697 1084 3770 Metellus
1099 3709 1127 3760 et
1139 3701 1318 3794 MlSilanus
1343 3703 1411 3765 Vin.
1426 3723 1452 3763 a.
1480 3704 1583 3772 Franc.
1609 3704 1706 3766 Guels.
1724 3727 1767 3766 ro.
1794 3705 1875 3766 Leid.
1888 3727 1916 3789 g.
1929 3727 1970 3766 m.
1991 3725 2036 3766 ce·

643 3809 693 3868 teri
709 3807 770 3868 sine
785 3805 975 3888 prenomine.
995 3801 1114 3864 Metello
1131 3803 1222 3864 Num.
1244 3805 1329 3865 Bern.
1346 3809 1373 3868 3.
1390 3805 1574 3887 perlicerent
1595 3808 1709 3870 Gledon
1730 3811 1817 3892 1916.
1837 3811 1915 3870 Edit.
1927 3807 2034 3870 Potssh.

640 3913 717 3975 Serv.
727 3909 764 3971 ad
773 3910 845 3970 Aen.
857 3930 882 3969 1.
897 3909 963 3990 194.
975 3909 1162 3973 confirmant.
1174 3907 1329 3968 obvenerat
1340 3909 1487 3970 deterioris
1497 3925 1572 3972 note
1581 3913 1658 3978 libri.
1670 3917 1791 3976 adverso
1799 3913 2034 3996 poputipantum

634 4019 681 4078 -ita
692 4017 798 4096 optimi
814 4013 881 4076 libri
903 4013 1021 4074 Comm.
1041 4013 1109 4073 Naz.
1131 4009 1214 4074 Fabr.
1231 4033 1256 4072 1.
1276 4013 1339 4073 Bas.
1353 4034 1378 4074 1.
1400 4019 1543 4077 accedunt
1563 4017 1646 4078 Rem.
1666 4019 1774 4082 Vina.
1793 4020 1888 4085 Suur.
1909 4018 1994 4079 Beru.
2007 4021 2032 4080 l·
2138 4017 2143 4026 ’

636 4119 732 4179 Turio.
752 4121 855 4183 Frauc·
874 4120 954 4182 Vrst.
964 4140 991 4180 a.
1003 4119 1031 4179 3.
1052 4118 1148 4186 Gueli.
1160 4138 1187 4183 a.
1199 4118 1229 4190 4.
1239 4141 1266 4199 7.
1278 4138 1307 4199 9.
1323 4137 1368 4179 ιο.
1389 4139 1490 4181 omnes
1503 4122 1584 4182 Leid.
1594 4185 1596 4190 ,
1606 4125 1743 4184 adversm
1762 4123 1858 4190 Gucll.
1873 4145 1898 4184 1.
1920 4123 1992 4184 vin·
2007 4141 2030 4181 ι.

635 4219 749 4287 Fabric.
760 4242 787 4283 ι.
808 4225 867 4285 inc.
881 4244 906 4283 ι.
926 4223 1030 4287 militet
1044 4224 1080 4290 el·
1098 4243 1184 4305 pres.
1201 4223 1285 4290 scnb.
1301 4243 1330 4286 ιι.
1346 4243 1392 4286 or.
1418 4224 1488 4292 Tur.
1513 4225 1617 4290 melites
1643 4228 1747 4310 eligere
1763 4229 1889 4316 scribere
1908 4224 2027 4311 plun'mi
