4582 5320
529 496 535 505 .
627 445 700 503 120

627 600 774 683 indicio
802 599 916 704 regis,
932 598 1065 676 Scauri
1083 613 1121 673 et
1146 595 1405 697 reliquorum,
1433 617 1527 694 quos
1547 589 1719 694 pecuniae
1737 606 1857 694 caplae
1873 617 2034 670 accerse-

628 725 738 813 bant,
764 722 902 800 delicta
926 720 1157 826 patelierent.
1206 720 1314 794 Dum
1336 714 1419 790 haec
1436 717 1563 789 Romae
1582 729 1787 818 geruntur,
1813 715 1881 817 qui
1900 715 1942 792 in
1955 717 2034 795 Nu·

625 846 747 950 midia
762 846 884 936 relicti
906 873 926 920 a
941 844 1059 918 Bestia
1078 839 1259 918 exercitui
1275 854 1480 943 praeerant,
1499 836 1617 913 secuti
1633 863 1777 916 morem
1796 836 2033 942 imperatoris

623 970 687 1050 sui
709 963 876 1072 plurima
897 984 935 1041 et
951 965 1250 1070 flagitiosissuma
1265 962 1436 1036 facinora
1457 960 1586 1040 secere,
1609 961 1741 1050 Fuere,
1758 961 1827 1063 qui
1843 989 1938 1042 auro
1952 990 2035 1038 cor·
2084 1029 2090 1037 .

544 1188 546 1194 ‚
629 1093 737 1195 rupti
753 1077 975 1194 elephantos
1002 1086 1196 1194 Iugurthae
1215 1085 1428 1178 traderent3
1452 1083 1519 1157 alii
1540 1083 1716 1187 perfugas
1741 1084 1920 1175 vendere,
1946 1112 2032 1189 pars

625 1241 675 1294 εκ
691 1214 835 1320 pacatis
855 1211 1000 1317 praedas
1017 1211 1198 1316 agebant3
1225 1213 1331 1282 tanta
1354 1208 1409 1283 vis
1441 1207 1609 1280 avaritiae
1632 1207 1673 1280 in
1694 1206 1840 1284 animos
1882 1235 2034 1300 eorum,

629 1337 746 1420 veluti
770 1337 894 1426 tabes,
924 1336 1119 1410 invaserat.
1168 1337 1218 1408 At
1247 1331 1410 1420 Cassius,
1439 1330 1629 1434 (prator)
1658 1330 1803 1432 perlata
1839 1331 2032 1435 rogatione

626 1489 652 1542 a
671 1464 710 1538 C.
733 1459 932 1546 Memmio,
952 1485 996 1533 ac
1024 1456 1195 1560 perculsa
1213 1455 1319 1530 omni
1345 1453 1567 1540 nobilitate,
1594 1453 1644 1527 ad
1669 1453 1896 1558 Iugurtham
1916 1453 2032 1557 profi-

626 1583 809 1672 ciscitur,
835 1581 946 1683 eique
973 1580 1107 1654 timido
1126 1595 1164 1654 et
1187 1606 1233 1654 ex
1258 1577 1488 1652 conscientia
1515 1574 1702 1650 diffidenti
1725 1577 1837 1650 rebus
1853 1578 1929 1650 suis
1948 1603 2031 1678 per·
2093 1665 2101 1677 ι

626 1705 781 1795 suadet,
801 1729 878 1807 quo
896 1730 934 1779 se
957 1702 1101 1807 populo
1118 1704 1291 1776 Romano
1309 1699 1487 1788 dedisset,
1512 1725 1562 1773 ne
1581 1699 1660 1772 rim
1684 1724 1803 1800 quam
1824 1698 2032 1774 misericor-

629 1829 734 1904 diam
752 1827 832 1904 eius
854 1827 1017 1929 experiri
1038 1824 1178 1898 mallet
1229 1822 1411 1898 Privatim
1430 1836 1610 1924 praeterea
1639 1819 1753 1895 fidem
1780 1847 1889 1896 suam
1917 1822 2040 1896 inter-1

630 1951 758 2054 ponit,
784 1975 903 2049 quam
932 1946 997 2022 ille
1022 1973 1103 2021 non
1125 1946 1284 2020 minoris
1311 1971 1429 2047 quam
1456 1943 1652 2046 publicam
1673 1943 1857 2037 ducebar,
1882 1945 1967 2020 talis
1988 1969 2029 2020 ea

632 2085 852 2174 tempestate
870 2068 970 2141 fama
992 2067 1039 2143 de
1065 2068 1187 2144 Cassio
1206 2085 1294 2142 erat.
1401 2136 1403 2142 .
2099 2151 2102 2157 ¹

583 2212 621 2274 33
729 2192 852 2296 Igitur
867 2189 1073 2296 Iugurtha,
1099 2207 1232 2266 contra
1259 2189 1372 2266 decus
1393 2191 1555 2294 regium,
1580 2189 1689 2266 cultu
1715 2217 1834 2293 quam
1856 2217 2028 2266 maxume

632 2313 853 2401 miserabili,
878 2340 967 2386 cum
990 2313 1115 2388 Cassio
1143 2315 1303 2388 Romam
1324 2314 1436 2389 venit.
1486 2317 1541 2390 Ac
1560 2330 1686 2388 tamen
1708 2315 1779 2400 eui,
1794 2314 1836 2389 in
1855 2315 1936 2418 ipso
1953 2341 2029 2389 ma-

631 2463 707 2541 gna
738 2437 792 2510 vis
829 2434 950 2508 animi
977 2451 1076 2527 erat3
1102 2434 1349 2510 confirmatus
1376 2437 1424 2508 ab
1453 2436 1646 2526 omnibus,
1671 2463 1838 2538 quorum
1861 2439 2028 2540 potentia

630 2573 700 2634 aut
726 2558 863 2636 scelere
891 2572 1030 2632 cuncta
1056 2583 1099 2632 ea
1131 2575 1305 2662 gesserat,
1327 2584 1414 2662 quae
1435 2583 1550 2663 supra
1580 2559 1767 2652 diximus,
1795 2564 1834 2638 Ο,
1864 2559 2043 2636 Barbium

629 2741 717 2822 gitur.
740 2737 866 2798 dicendo
887 2736 985 2796 Guell.
998 2736 1026 2798 3.
1042 2758 1071 2816 9.
1100 2738 1196 2798 senat.
1218 2739 1330 2801 Fabric.
1344 2760 1372 2800 a.
1400 2738 1423 2799 F
1425 2759 1505 2801 rane.
1533 2741 1633 2801 lleuss.
1659 2740 1739 2806 Laid.
1755 2739 1786 2800 b.
1800 2742 1820 2800 l.
1833 2763 1873 2805 m.
1895 2742 1979 2800 Paris.
1999 2739 2027 2799 b.

630 2842 715 2902 Bem.
732 2829 756 2900 i.
783 2840 1040 2921 populoflomarm
1067 2842 1107 2898 ita
1124 2841 1208 2901 Grul.
1222 2853 1251 2902 et
1270 2864 1372 2903 omnes
1388 2842 1469 2903 leid.
1494 2844 1573 2921 (err.
1591 2845 1631 2923 l.)
1660 2845 1846 2905 αοοενεσὸαηί
1872 2846 1959 2905 etiam
1973 2843 2029 2904 hoe

629 2949 697 3006 loeo
712 2946 834 3026 plurimi
851 2942 928 3008 libri.
949 2953 1044 3022 captor
1057 2964 1118 3003 om.
1132 2945 1212 3006 Vrat.
1227 2966 1258 3007 2.
1277 2957 1401 3028 acceptu·
1426 2947 1496 3030 Tag.
1523 2948 1609 3010 Febr.
1636 2948 1705 3014 Tur.
1735 2969 1856 3027 eramque
1869 2969 1931 3009 om.
1950 2947 2027 3011 Leid.

632 3048 662 3108 h.
684 3049 752 3110 Ecc.
772 3047 928 3108 Guell.11.
949 3057 978 3108 et
994 3068 1060 3107 eum
1079 3048 1141 3108 Bas.
1152 3050 1181 3122 Δ.
1203 3050 1300 3110 Guell.
1313 3052 1342 3124 Δ.
1364 3054 1550 3113 interlineas.
1571 3053 1699 3115 exercitu
1708 3073 1781 3132 pru.
1801 3057 1842 3114 ita
1860 3053 1912 3112 lle.
1933 3075 1973 3112 m.
1984 3072 2028 3133 pr·

631 3150 702 3234 imp.
721 3151 768 3215 sui
785 3172 873 3238 pron.
891 3154 924 3211 in
939 3154 1039 3212 multis
1053 3157 1153 3214 locum
1167 3165 1273 3215 mutat.
1286 3177 1346 3222 om.
1363 3156 1448 3223 Bem.
1468 3180 1493 3218 1.
1503 3161 1531 3220 3.
1551 3159 1711 3218 venderent
1724 3159 1847 3237 plurimi
1859 3157 1938 3217 libri.
1957 3176 2029 3216 verr·-

631 3259 701 3317 dere
720 3278 796 3318 unus
809 3257 923 3318 Wassii.
941 3257 983 3337 pl.
1002 3266 1030 3316 et
1049 3258 1156 3338 flagit.
1165 3262 1236 3337 sac.
1252 3271 1279 3320 et
1296 3282 1357 3321 om.
1376 3263 1474 3324 Guell.
1488 3284 1534 3323 ro.
1549 3283 1594 3322 ra.
1605 3263 1674 3338 suc.
1694 3263 1772 3322 delet
1787 3264 1889 3322 insert.
1904 3282 1931 3321 a.
1959 3280 2029 3340 uge-

632 3360 825 3418 reueletur.
847 3379 935 3438 agere
950 3380 1027 3422 uuus
1037 3362 1149 3428 Wassii.
1169 3363 1255 3424 Bem.
1270 3387 1294 3430 ι.
1316 3364 1349 3424 iu
1362 3363 1476 3426 ¹animos
1491 3367 1530 3425 ita
1543 3377 1572 3426 et
1585 3365 1667 3430 Cort.
1688 3368 1830 3426 meliores.
1850 3367 1899 3426 ssd
1908 3383 2026 3446 pmpos.

631 3483 692 3525 om.
721 3462 802 3520 Laid.
817 3467 842 3520 e'.
856 3484 883 3542 g.
896 3465 922 3521 k.
934 3467 955 3522 l.
984 3463 1046 3523 Bas.
1062 3486 1087 3523 ι.
1114 3465 1199 3527 Bern.
1213 3467 1241 3528 3.
1257 3468 1354 3530 Turio.
1380 3491 1457 3529 erasa
1485 3472 1518 3530 in
1537 3471 1647 3534 Fabric.
1663 3493 1688 3531 1.
1716 3471 1813 3531 Guell.
1825 3474 1854 3542 l.
1881 3471 1980 3532 Vinar.
2003 3491 2027 3530 1.
2253 3489 2254 3520 1

633 3562 750 3628 Cassius
762 3572 883 3643 prator.
907 3575 1019 3644 prator
1039 3587 1099 3625 om.
1120 3568 1182 3634 Bas.
1197 3591 1221 3629 ι.
1253 3571 1351 3632 Guell.
1363 3594 1392 3652 9.
1413 3573 1498 3634 Bern.
1513 3596 1539 3639 r.
1563 3593 1620 3655 pro
1638 3595 1671 3635 eo
1686 3576 1772 3636 multi
1786 3575 1860 3637 Pri
1881 3575 1980 3636 autll.
1993 3573 2027 3633 P.

631 3680 681 3729 aul
693 3666 795 3748 populi
804 3666 935 3726 Romani
945 3666 1065 3728 habent.
1082 3673 1123 3731 sie
1137 3673 1205 3734 Ecc.
1226 3677 1285 3734 inc.
1297 3695 1325 3735 2.
1345 3676 1430 3742 llem.
1446 3697 1470 3735 ι.
1493 3682 1594 3738 Franc.
1615 3677 1711 3738 Guell.
1728 3700 1756 3740 a.
1773 3679 1803 3741 3.
1829 3680 1910 3740 leid.
1922 3701 1949 3740 a.
1960 3680 1990 3740 b.
2002 3699 2026 3759 ο,

630 3771 754 3831 lr.m.n.
765 3793 791 3830 c.
802 3770 833 3834 d.
854 3771 913 3830 tri.
935 3771 1131 3835 Patis.e.b.c.
1142 3776 1172 3834 d.
1193 3775 1255 3858 Bas.
1267 3777 1295 3848 d.
1313 3787 1426 3858 prator
1439 3781 1541 3860 populi
1555 3781 1688 3842 Romani
1705 3782 1802 3844 Guelf.
1819 3805 1864 3844 ιο.
1891 3786 1987 3845 Senat.
2002 3807 2025 3844 ι.

524 3947 526 3950 ¹
629 3876 725 3936 Strur.
746 3875 851 3937 vim.
872 3875 953 3934 Leid.
967 3875 987 3933 l.
1001 3876 1022 3933 i.
1037 3876 1066 3935 l.
1087 3877 1231 3938 eitimido
1251 3879 1318 3942 lice.
1346 3881 1431 3941 Bem.
1443 3882 1471 3943 3.
1490 3893 1519 3944 rt
1531 3905 1568 3946 ar
1582 3905 1677 3946 conse.
1692 3889 1872 3960 etlamllcc.
1893 3889 2024 3970 Ouellp.

564 4053 567 4060 ῃ
635 4000 740 4039 rura.
767 3980 999 4040 eaedelentEcc.
1025 3980 1144 4042 Vrtur.
1170 3983 1231 4043 Eri.
1258 3983 1342 4044 Bern.
1356 3985 1385 4046 3.
1412 3987 1537 4048 declaret
1557 4009 1659 4050 omnes
1672 3992 1753 4052 Leid.
1769 4004 1798 4052 et
1817 3993 1929 4054 Wassii.
1958 3993 2024 4074 Τις.

630 4083 692 4146 Bas.
707 4103 732 4147 1.
742 4082 770 4152 d.
796 4103 853 4142 neu
863 4084 926 4145 vim
956 4082 1017 4146 Bas.
1029 4084 1057 4156 l.
1077 4083 1161 4145 Bern.
1181 4107 1205 4151 1.
1232 4088 1316 4149 malit
1335 4091 1377 4151 ita
1389 4091 1506 4153 Gruter.
1521 4097 1657 4155 confirm.
1673 4097 1755 4158 Leid.
1767 4119 1794 4158 a.
1806 4097 1835 4156 b.
1848 4119 1874 4158 c.
1889 4097 1920 4158 d.
1930 4119 1956 4159 r.
1970 4099 2023 4180 lg·
2073 4158 2075 4164 ,

632 4205 664 4250 n.
692 4205 749 4262 quo
769 4205 798 4246 se
808 4188 915 4267 populo
934 4190 1057 4269 plurimi
1081 4187 1159 4250 libri.
1183 4190 1247 4252 mas.
1268 4192 1328 4255 eius
1350 4215 1439 4276 pron.
1459 4217 1520 4258 om.
1534 4199 1601 4264 Eue.
1624 4197 1707 4264 Febr.
1730 4223 1757 4264 2.
1780 4201 1877 4265 Guell.
1891 4225 1937 4266 11.
1958 4201 2024 4262 Tur.

629 4307 738 4358 :uasa
758 4290 900 4373 adpinxit.
916 4292 1032 4374 privata
1039 4303 1183 4378 pratum
1197 4295 1266 4368 Tur.
1286 4295 1459 4392 Curiosut’t
1477 4301 1528 4368 Ac.
