4542 5318
1611 454 1682 530 285

290 667 411 742 turos,
436 653 521 756 quis
550 667 589 728 et
608 679 716 742 mese,
742 669 780 728 et
809 668 938 726 vcstrae
965 651 1060 740 iarn,
1085 665 1123 723 et
1150 649 1266 751 ipsius
1297 668 1405 718 aures
1435 640 1567 715 calent
1613 638 1687 710 Ve-

288 799 376 849 rum
405 801 450 850 eo
488 778 604 880 magis
636 775 754 852 odisse
782 776 923 850 dehetis
954 773 1173 860 hominem,
1211 770 1279 874 qui
1305 793 1354 842 ne
1385 762 1571 866 incipiens
1604 757 1689 860 qui-

289 895 376 972 dem
395 923 551 1000 peccare
580 899 622 973 i'n
652 899 820 972 minimis
844 899 955 972 rebus
986 896 1114 999 posuit
1140 894 1426 980 rudimentum
1464 884 1527 958 sed
1554 884 1605 956 ita
1633 881 1690 954 in-

290 1043 431 1122 gressus
458 1038 529 1110 est,
555 1022 613 1096 uti
640 1046 764 1122 neque
792 1022 840 1095 ab
861 1021 940 1094 nlio
967 1020 1069 1093 vinci
1098 1017 1237 1121 possit,
1273 1037 1397 1116 neque
1430 1010 1507 1110 ipse
1541 1031 1578 1078 se
1610 1027 1690 1078 om*-

291 1140 385 1216 nino
405 1142 552 1244 reliquo
577 1160 685 1217 rente
707 1146 907 1247 proeterire.
943 1147 1078 1245 Itaque
1097 1139 1196 1215 nihil
1218 1137 1324 1212 aliud
1344 1133 1488 1220 studet,
1514 1128 1605 1214 nisi,
1630 1125 1689 1200 uti

291 1260 505 1340 lutulentus
524 1293 605 1356 sus,
632 1295 721 1340 curn
746 1267 878 1368 quovis
900 1265 1071 1340 volutari.
1110 1266 1237 1364 Longe
1261 1286 1348 1334 vero
1370 1255 1519 1330 fallitur
1541 1248 1690 1352 opinio-

292 1413 348 1462 ne.
388 1390 474 1462 Non
495 1391 599 1464 enim
623 1391 852 1492 procacitate
880 1388 1021 1492 linguae
1046 1387 1132 1460 vitae
1160 1381 1285 1458 soules
1307 1381 1522 1456 eluuntur:
1548 1371 1612 1454 sed
1638 1386 1692 1444 est

292 1509 690 1610 quaedamcalumnia‚
710 1540 828 1615 quam
847 1510 1291 1612 unusquisquenostrum
1311 1518 1468 1578 testante
1481 1498 1691 1602 animosuo

292 1631 365 1706 fert
388 1632 436 1708 de
456 1661 514 1722 ec,
540 1637 608 1737 qui
626 1637 766 1710 fulsum
780 1636 932 1710 crimen
952 1633 1062 1708 bonis
1084 1631 1254 1706 obiectat
1297 1623 1413 1722 Quod
1438 1621 1467 1696 si
1489 1620 1564 1692 vita
1586 1615 1692 1694 istius

293 1757 515 1832 memoriam
537 1759 691 1833 vicerit:
718 1758 841 1847 illam,
867 1759 993 1830 Patres
1014 1753 1238 1856 conscripti,
1266 1777 1346 1824 non
1363 1775 1410 1824 ex
1426 1744 1612 1828 oratione,
1628 1737 1693 1813 sed

293 1903 339 1952 ex
363 1880 532 1954 moribus
553 1882 629 1956 suis
653 1897 820 1984 spectare
836 1879 996 1992 ⁸debetis.
1046 1881 1128 1952 Iam
1151 1874 1250 1950 dabo
1276 1898 1449 1975 operam,
1476 1891 1594 1969 quam
1615 1887 1695 1934 ruo·

292 2025 405 2076 xnme
422 2018 570 2104 potero,
595 2004 699 2078 brevi
721 2019 765 2076 ut
791 2002 937 2076 faciam.
974 2001 1105 2102 Neque
1122 1995 1206 2072 haec
1229 1995 1424 2069 altercatio
1442 2004 1569 2064 nostra
1589 1982 1694 2058 vobis

295 2122 443 2198 inutilis
462 2125 554 2214 erit,
571 2130 712 2199 ‘Patres
735 2126 948 2227 conscripti.
987 2123 1216 2226 Plerumque
1240 2119 1346 2194 enim
1376 2109 1588 2216 respublica
1616 2105 1694 2209 pri-

295 2247 388 2320 vatis
409 2247 789 2352 crescit'inimicitiis3
814 2247 883 2320 ubi
902 2271 1014 2320 uerno
1036 2245 1148 2331 civis,
1172 2240 1295 2344 qualis
1316 2239 1365 2314 sit
1391 2237 1465 2324 vir,
1496 2246 1618 2335 potest
1640 2229 1695 2300 la·

197 2442 207 2463 ,
296 2384 391 2444 teret
425 2370 597 2442 Primum
620 2371 753 2471 igitur,
787 2369 970 2469 quoniam
1003 2366 1178 2440 omnium
1198 2359 1357 2438 mitiores
1379 2363 1416 2436 C.
1439 2357 1621 2432 Salustius
1641 2350 1722 2424 ad²

296 2519 422 2566 uurrm
441 2492 658 2595 exemplum
675 2507 713 2566 et
734 2489 903 2594 regulam
919 2487 1073 2590 quaerit,
1090 2485 1203 2559 velim
1215 2483 1312 2558 mihi
1326 2481 1566 2584 respondeat,
1582 2499 1696 2551 num-

296 2613 410 2715 quid,
436 2639 530 2716 quos
553 2616 716 2716 protulit
740 2612 932 2715 Scipiones
958 2625 997 2684 et
1025 2606 1215 2695 Metellos,
1243 2605 1301 2679 vel
1328 2604 1484 2691 Fabios,
1507 2616 1595 2674 ante
1615 2597 1696 2670 sue-

296 2736 377 2810 rint
405 2752 473 2810 aut
502 2737 693 2840 opinionis
719 2751 793 2810 aut
811 2734 958 2838 gloriae,
985 2759 1103 2835 quam
1132 2755 1193 2804 eos
1220 2753 1277 2803 res
1306 2741 1414 2832 gestie
1434 2737 1591 2810 suoe‚.et
1617 2719 1693 2792 vita

287 2857 616 2934 .iunocentissume
635 2875 719 2934 acta
739 2857 1039 2933 commendarit?
1072 2853 1176 2956 quod
1200 2853 1231 2926 si
1251 2850 1324 2926 hoc
1343 2848 1419 2923 fuit
1443 2847 1519 2920 illis
1539 2842 1695 2926 initium

297 2980 464 3054 nominis
482 2996 522 3055 et
541 2981 758 3085 dign-itatis,
783 3007 855 3056 cur
874 3007 955 3056 non
974 3003 1081 3081 aequc
1101 2973 1498 3050 nobisexistumeturl
1525 2967 1696 3048 cuiusct

257 3167 259 3170 .
298 3125 354 3174 res
375 3119 483 3204 gestae
507 3103 670 3178 illustres
688 3104 820 3179 etrite
842 3103 1097 3208 integerrumas
1127 3115 1219 3173 octo.
1266 3095 1385 3193 Quasi
1404 3119 1493 3170 vero
1515 3107 1558 3164 tu
1578 3088 1626 3163 sis
1646 3088 1695 3161 ab

284 3222 373 3296 illis
393 3223 497 3311 viris,
523 3224 677 3314 Salusti,
704 3241 817 3300 ortus.
832 3275 836 3284 ι
853 3225 969 3322 Quod
989 3225 1147 3313 siesses3
1176 3218 1385 3296 nonnullos
1412 3217 1489 3290 iam
1517 3230 1592 3289 tuae
1617 3228 1697 3286 tur-

298 3346 485 3449 pitudinis
507 3341 658 3450 pigeret
697 3349 776 3450 Ego
797 3349 886 3422 meis
914 3346 1122 3420 maioribus
1144 3343 1288 3417 virtute
1315 3368 1398 3416 mea
1421 3336 1599 3442 proel'uxi‚
1623 3334 1699 3423 uti,

287 3470 327 3543 si
347 3469 452 3572 prius
472 3471 553 3542 noti
572 3496 651 3544 non
673 3469 833 3557 fuerint,
860 3497 881 3544 a
900 3497 961 3544 me
984 3468 1175 3570 accipiant
1199 3465 1354 3538 initium
1383 3461 1574 3537 memoriae
1598 3481 1699 3532 suaer

300 3607 342 3663 tu
365 3592 437 3666 tuis
455 3593 560 3678 ritae',
582 3619 700 3693 <piram
728 3594 891 3694 turpiter
915 3591 1039 3696 egisti,
1062 3613 1216 3694 magnos
1238 3587 1406 3664 offudisti
1433 3583 1604 3659 tenebras
1616 3585 1632 3672 ;'
1651 3596 1696 3662 ut

298 3713 429 3804 etiarn,
443 3714 474 3786 si
493 3714 637 3790 fuerint
656 3715 922 3819 egregii-cives,
949 3729 1048 3789 certe
1063 3705 1239 3787 venerint
1263 3711 1305 3784 in
1322 3709 1572 3784 oblivionem..
1587 3702 1696 3797 Qua-

222 4001 227 4008 ,
299 3931 456 4010 etfaciam
478 3953 579 3992 omnes
591 3934 687 3995 Gortii
698 3935 795 3995 Corld.
817 3937 885 3996 iloni
902 3935 980 3994 Glar.
1001 3935 1082 3994 Leid.
1094 3959 1120 3996 o.
1144 3944 1171 3993 et
1188 3934 1269 3991 breue
1277 3929 1396 4007 socrum
1409 3928 1470 3985 Bos.
1498 3925 1589 3982 latero
1602 3929 1695 4000 potest

298 4035 428 4096 0ud.-
445 4033 518 4116 Cap.
529 4057 556 4096 2.
579 4036 774 4099 &Salustius
785 4040 853 4099 -Bae
870 4039 988 4098 teitu
1010 4039 1056 4098 vel
1072 4038 1175 4098 Fabios
1191 4057 1225 4096 ex
1244 4035 1389 4093 Cottianis
1409 4050 1482 4090 unns
1501 4028 1580 4092 Gud.
1595 4025 1678 4094 addit,
1688 4049 1697 4097 3

289 4142 367 4226 ¹,item
388 4139 469 4200 Lcid.
480 4161 505 4198 c.
525 4142 881 4204 comminarentur.
901 4142 1114 4200 commentarit
1130 4143 1225 4200 ceteri.
1247 4139 1284 4197 de
1303 4136 1394 4197 nobis.
1405 4155 1495 4213 pnrp.
1511 4155 1572 4192 om.
1593 4151 1695 4192 omncs

302 4244 384 4308 Con.
401 4242 463 4301 Bas.
483 4243 563 4304 trid.
576 4266 602 4303 c.
621 4245 744 4304 illustres
753 4253 830 4302 nint.
850 4252 918 4302 sunt
937 4263 998 4304 om.
1012 4260 1113 4302 onrnes
1127 4243 1219 4302 Cortii
1235 4241 1312 4304 libri.
1333 4239 1395 4300 Bas.
1416 4239 1480 4296 noti
1498 4239 1693 4312 nonfucruut

301 4345 362 4406 Bas.
388 4347 530 4424 genmdr's
549 4347 750 4407 Bos...Leid.c.
780 4345 857 4406 vitae
876 4344 1075 4408 nutele.
1105 4348 1170 4406 vitu¹
1186 4350 1281 4408 ceteri.
1301 4346 1436 4421 conferre
1456 4346 1537 4404 dccet
1565 4341 1708 4402 lello..
