4542 5318
519 331 592 401 228

477 491 483 506 ⁸
523 527 589 580 net
609 501 681 605 qni
696 501 848 578 circum
877 509 986 588 sunt,
1015 494 1247 602 praeminent
1273 493 1523 572 altitudinem
1544 491 1713 570 millium
1742 509 1928 594 passuum

518 625 700 702 ὀιοιιιιιιι.
717 667 768 684 -
794 629 850 716 54.
867 621 893 677 *
908 635 948 696 e‘t
964 619 1080 698 soant
1097 619 1231 696 ferunt
1250 618 1426 696 alterans
1439 645 1471 694 a.
1493 645 1532 694 n.
1552 644 1583 694 r.
1606 645 1654 692 m.
1667 663 1718 678 --
1744 611 1801 688 55.
1820 606 1924 706 Quia

521 773 684 852 corpur-c
706 762 751 823 ct
769 745 900 850 lingua
927 743 1118 848 percitum
1149 759 1188 820 et
1210 743 1423 846 inquietam
1455 743 1613 818 nomine
1640 733 1836 814 histrionis
1863 731 1926 804 vix

519 871 607 946 sani
640 868 887 944 Burbuleium
916 865 1142 970 adpellabat
1170 915 1222 934 .-
1256 869 1313 941 56.
1339 865 1554 942 Andaeiter.
1578 913 1628 927 --
1655 869 1711 960 57.
1741 858 1802 934 Ibi
1824 855 1927 930 Fim-

522 992 660 1068 briana
673 991 885 1080 seditione,
906 989 975 1091 qui
995 990 1074 1093 regi
1098 1016 1169 1093 per
1193 989 1435 1092 obsequelam
1469 986 1650 1064 orationis
1681 1001 1718 1060 et
1748 1001 1926 1058 maxume

524 1116 659 1192 odiam
672 1114 791 1191 &211ae
806 1171 816 1204 ,
830 1137 958 1218 graves
974 1111 1131 1216 carique
1146 1128 1264 1188 erant
1288 1160 1340 1176 -
1365 1116 1422 1189 38.
1447 1111 1641 1186 Moenibus
1658 1107 1851 1186 deturbat.
1875 1147 1926 1166 -

523 1243 579 1336 39.
605 1242 637 1312 E
654 1239 774 1314 muris
798 1263 910 1312 canes
926 1236 1062 1340 spartis
1081 1225 1342 1311 demittebant.
1367 1281 1419 1300 -
1442 1243 1501 1329 4ο.
1525 1235 1586 1310 Ad
1611 1231 1686 1308 hoc
1708 1227 1927 1306 rumoribus

521 1361 676 1438 advorsa
691 1363 737 1438 in
756 1361 1003 1465 pravitatem,
1028 1359 1193 1436 secunda
1209 1359 1257 1434 in
1279 1383 1423 1447 casum,
1443 1357 1641 1436 fortrmam
1667 1355 1710 1429 in
1738 1349 1926 1428 temerita-

522 1501 599 1561 tem
619 1485 871 1576 declinando,
886 1484 1196 1586 corrumpebant.
1211 1531 1256 1546 -
1286 1489 1344 1576 4ι.
1370 1487 1421 1555 At
1439 1481 1615 1558 Metellus
1641 1479 1682 1554 in
1702 1475 1924 1553 ulteriorem

519 1609 747 1713 Hispaniam
757 1624 846 1712 post
864 1635 1013 1682 annum
1027 1631 1224 1711 regressus,
1241 1632 1378 1710 magna
1390 1605 1510 1710 gloria
1523 1601 1838 1678 concurrentium
1850 1625 1925 1672 un-

520 1731 638 1834 dique
653 1732 762 1806 virile
772 1749 811 1808 et
827 1733 1015 1806 muliebre
1029 1755 1155 1820 secus,
1173 1729 1332 1832 pervias
1345 1757 1391 1806 ac
1406 1745 1503 1804 tecta
1522 1727 1698 1804 omnium
1712 1724 1926 1812 visebatur,

421 1909 427 1914 -
519 1879 644 1956 quum
678 1869 844 1957 questos
881 1857 919 1928 G
946 1854 1117 1928 Urbinus
1138 1853 1302 1956 aliique,
1327 1853 1479 1959 cognita
1511 1840 1728 1941 voluntate,
1753 1875 1843 1924 eum
1877 1845 1925 1920 ad

519 2001 672 2051 coenam
696 1977 951 2051 invitaverant
958 2009 969 2070 ;
992 1976 1095 2050 ultra
1123 1979 1386 2054 Romanorum
1413 1993 1451 2053 et
1469 1975 1693 2051 mortalium
1714 1973 1831 2048 etiam
1847 1996 1926 2046 mo-

519 2098 820 2188 remcurabant,
845 2098 1035 2174 exornatis
1054 2099 1199 2176 sedibus
1218 2127 1286 2204 per
1309 2100 1431 2176 aulaea
1455 2115 1494 2176 et
1524 2098 1707 2204 insignia,
1731 2094 1925 2198 scenisque

455 2215 458 2220 ’
520 2221 570 2298 ad
587 2222 880 2298 ostentationem
895 2220 1128 2298 histrionum
1147 2223 1360 2318 fabricatis3
1376 2223 1491 2299 simul
1503 2249 1614 2300 croco
1630 2245 1757 2324 sparsa
1773 2218 1926 2307 humus,

517 2359 557 2418 et
584 2343 659 2418 alia
687 2345 743 2418 in
767 2345 926 2420 modum
956 2346 1088 2449 templi
1111 2347 1367 2423 celeberrumi.
1418 2349 1600 2423 Praeterea
1631 2371 1754 2449 quum
1779 2342 1924 2420 sedenti

517 2481 722 2542 transenna
747 2467 952 2542 demissum
966 2469 1147 2545 Victoriae
1165 2471 1415 2547 simulacrum
1436 2497 1526 2547 cum
1542 2467 1764 2545 machinato
1791 2466 1925 2570 strepi-

520 2605 565 2664 tu
601 2590 818 2666 tonitruum
858 2618 1040 2668 coronam
1070 2593 1187 2696 capiti
1222 2594 1464 2698 imponebat,
1498 2610 1584 2670 tum
1615 2592 1784 2668 venienti
1814 2589 1927 2666 thure

518 2715 626 2816 quasi
644 2716 726 2789 Deo
744 2714 1044 2818 supplicabatur.
1095 2718 1197 2820 Toga
1217 2716 1321 2818 picta
1341 2716 1571 2821 plerumque
1593 2715 1759 2791 amiculo
1788 2731 1870 2791 erat
1892 2713 1925 2790 ei

517 2837 791 2913 adcumbenti:
817 2839 941 2942 epulas
961 2838 1260 2941 quaesitissumse‚
1299 2864 1424 2942 neque
1440 2867 1509 2943 per
1530 2867 1683 2916 omnem
1705 2837 1821 2914 modo
1840 2865 1927 2943 pro-

513 2961 700 3050 vinciam,
724 2960 789 3036 sed
810 2977 914 3036 trans
935 2965 1057 3038 maria
1082 2989 1128 3037 ex
1144 2961 1379 3038 Mauritania
1394 2963 1595 3040 volucrum
1615 2980 1653 3041 et
1675 2964 1845 3041 ferarum
1868 2964 1929 3040 in-

516 3085 666 3189 cognita
694 3101 806 3159 antea
839 3085 952 3188 plura
980 3111 1116 3190 genera
1147 3118 1156 3158 :
1195 3085 1337 3187 quibus
1364 3087 1477 3162 rebus
1510 3087 1753 3190 aliquantam
1780 3103 1928 3192 partem

513 3283 548 3358 3,
567 3307 613 3365 ¹9·
634 3317 677 3334 -
697 3287 746 3348 35.
760 3288 805 3347 Ρι.
822 3289 860 3362 6,
880 3285 1017 3364 ιι,ι56.
1037 3288 1247 3370 Bartucgson
1262 3291 1430 3370 adpellobut
1448 3293 1556 3372 optimi
1570 3290 1648 3352 libri.
1669 3324 1710 3342 -
1738 3293 1788 3354 36.
1809 3294 1854 3354 Pr.
1870 3293 1927 3366 15,

509 3387 548 3461 ι,
563 3390 634 3453 6²5.
654 3421 696 3436 -
718 3395 766 3469 ³7.
788 3391 1006 3466 uon.s,151.
1027 3428 1069 3442 -
1090 3397 1138 3459 ss.
1161 3395 1202 3456 ιι.
1217 3415 1250 3468 ι,
1276 3399 1344 3462 ιιι.
1366 3428 1409 3445 -
1437 3397 1486 3479 ³9·
1507 3417 1563 3477 pro
1581 3375 1668 3458 eaba
1690 3397 1766 3458 aaa
1783 3417 1922 3459 arms

509 3502 590 3552 runt.
607 3524 650 3539 -
669 3491 719 3562 4ο.
729 3492 807 3553 Non.
822 3494 858 3567 4,
878 3493 947 3565 tos.
960 3529 1002 3544 -
1023 3499 1071 3569 4ι.
1093 3499 1223 3560 Macrob.
1235 3503 1375 3577 Saturi,
1396 3501 1442 3562 13.
1463 3521 1519 3582 pro
1537 3503 1777 3564 concurrentibus
1790 3504 1921 3584 undique

507 3595 644 3657 muliebri
660 3605 688 3657 st
708 3595 794 3656 atriti
815 3615 887 3658 secu
908 3600 990 3680 quod
1016 3613 1058 3662 est
1076 3603 1157 3682 apud
1173 3605 1357 3668 Macrobium
1374 3607 1452 3667 Non.
1465 3605 1500 3681 3,
1521 3607 1586 3688 ¹93·
1611 3605 1721 3668 babet:
1742 3628 1928 3670 concurren-

506 3702 580 3764 tr’um
595 3702 723 3782 statiique
739 3701 880 3764 muliebre
893 3713 921 3765 st
938 3703 1025 3764 virile
1044 3725 1146 3778 snus,
1170 3709 1312 3772 reductu
1325 3710 1413 3772 babet
1428 3709 1540 3770 Charis.
1555 3735 1585 3793 p.
1598 3713 1647 3771 61.
1668 3713 1749 3794 quod
1767 3715 1855 3775 unice
1872 3737 1925 3776 vs-
1983 3749 1989 3762 ·

507 3827 583 3867 rum.
598 3817 762 3868 usurasne
776 3805 937 3889 -r'mp.ap.
955 3808 1034 3873 Sen-
1050 3812 1068 3870 t
1075 3851 1086 3885 ,
1098 3812 1157 3882 488
1164 3835 1174 3886 3
1196 3814 1249 3874 cir.
1265 3817 1353 3874 etiam
1368 3815 1446 3881 Non.
1461 3835 1496 3890 ι,
1510 3818 1587 3896 8593
1609 3819 1647 3892 4,
1672 3819 1737 3880 135.
1758 3839 1816 3899 pro
1837 3819 1927 3900 cupr'ti

504 3911 585 3993 apud
602 3911 785 3972 Macrobium
807 3913 916 3973 fuitei.
936 3947 979 3964 -
1008 3913 1060 3985 4ι.
1081 3925 1227 3996 munterte
1243 3921 1409 3982 emendavit
1428 3921 1558 3982 Colerus.
1583 3923 1672 3983 ruina
1700 3931 1741 3983 est
1769 3925 1866 3984 lectio.
1887 3955 1928 3973 ι-

504 4015 553 4086 ts.
573 4013 659 4074 Non.
672 4017 762 4106 blare.
782 4017 833 4092 ιδ,
859 4040 958 4079 ιο.-

505 4119 555 4192 44.
576 4119 654 4179 Non.
672 4119 707 4194 4,
720 4119 790 4192 lla.
810 4123 975 4205 iterumque
988 4125 1044 4199 rs,
1057 4125 1088 4192 8.
1108 4124 1161 4186 nbi
1176 4127 1249 4188 uuo
1269 4127 1444 4192 avidissimis
1467 4131 1573 4212 legitur
1598 4139 1627 4189 et
1648 4127 1712 4190 bac
1729 4150 1763 4190 cx
1782 4133 1868 4191 tertio
1888 4131 1929 4190 li·

503 4224 564 4288 bro
590 4223 763 4286 laudantur.
787 4258 830 4276 -
848 4227 897 4299 45.
917 4228 996 4291 Dan.
1018 4229 1058 4292 sd
1081 4229 1173 4294 Andr.
1190 4253 1208 4296 a
1222 4275 1234 4310 ,
1261 4255 1294 4311 ι,
1311 4255 1358 4298 ιο.
1379 4237 1442 4298 rins
1459 4235 1531 4297 libri
1552 4253 1687 4296 numero.
1707 4267 1750 4282 -
1777 4235 1827 4307 46.
1848 4235 1927 4296 Non.
