4542 5318
641 347 712 448 ψ

642 555 732 602 cum
752 527 950 631 republica
974 526 1147 602 venalem
1166 521 1314 597 habere.
1365 527 1422 598 Ita
1443 523 1646 627 paullatim
1669 525 1856 630 populus,
1878 522 1955 625 'qui
1975 522 2045 599 do·

642 653 770 726 minus
789 651 935 726 cunctis
957 649 1131 753 gentibus
1149 645 1409 748 imperitabat,
1436 646 1603 750 dilapsus
1620 663 1700 722 est:
1725 661 1764 720 et
1779 673 1850 750 pro
1872 673 2042 722 commu·

643 774 684 849 ni
702 773 881 876 imperio,
910 772 1090 875 privatim
1104 769 1176 844 sibi
1197 768 1359 872 quisque
1375 769 1592 844 servitutem
1614 769 1771 873 peperit,
1821 771 1912 844 Haec
1928 770 2044 875 igitur

643 895 850 971 multitudo
871 896 1041 998 primum
1062 892 1172 968 malis
1196 893 1367 966 moribus
1392 892 1562 983 imbuta,
1588 891 1728 968 deiude
1751 892 1793 966 in
1818 909 1915 967 artes
1934 894 2044 968 vitas-

643 1047 717 1122 que
734 1019 854 1092 varias
874 1018 1080 1120 dispalata,
1105 1013 1215 1090 nullo
1240 1014 1352 1089 modo
1378 1015 1478 1090 inter
1501 1041 1540 1090 se
1560 1039 1787 1118 congruenS,
1811 1042 1950 1117 parum
1973 1016 2044 1089 mi-

641 1140 684 1216 hi
711 1141 867 1244 quidem
895 1142 1031 1214 idonea
1056 1139 1207 1214 ridetur
1230 1138 1280 1212 ad
1309 1137 1574 1240 capessendam
1602 1137 1888 1240 rempublicam.
1939 1141 2042 1213 Cete-

642 1293 755 1353 rum,
781 1263 919 1337 additis
938 1262 1043 1336 novis
1063 1261 1225 1349 civibus,
1246 1289 1385 1364 magna
1411 1287 1471 1334 me
1493 1287 1574 1363 spes
1593 1275 1696 1334 tenet
1716 1316 1725 1349 ,
1750 1259 1830 1334 fore
1850 1276 1895 1333 ut
1914 1287 2042 1335 omnes

642 1387 949 1492 expergiscantur
962 1385 1017 1460 ad
1037 1385 1251 1459 libertatem
1275 1414 1283 1454 :
1309 1383 1453 1486 quippe
1474 1409 1564 1458 cum
1584 1383 1659 1456 illis
1676 1383 1861 1457 libertatis
1875 1383 2042 1462 retinen·

641 1511 717 1600 dae,
743 1528 827 1584 tum
853 1508 912 1583 his
934 1508 1121 1583 servitutis
1136 1506 1355 1582 amittendae
1371 1532 1462 1580 cura
1489 1505 1643 1579 orietur.
1692 1507 1786 1595 Hos,
1812 1531 1879 1609 ego
1900 1531 2041 1596 censeo,

641 1634 844 1739 permixtos
864 1660 954 1707 cum
977 1632 1164 1706 veteribus
1183 1655 1319 1714 novoe,
1345 1628 1386 1702 in
1412 1627 1570 1702 coloniis
1590 1629 1817 1702 constituas:
1844 1628 1896 1702 ita
1922 1647 1960 1704 et
1985 1657 2041 1705 res

642 1757 815 1834 militaris
838 1756 1058 1859 opulentior
1075 1754 1164 1842 erit,
1188 1767 1226 1826 et
1242 1750 1372 1854 plebes
1393 1749 1503 1824 bonis
1520 1749 1678 1854 negotiis
1695 1751 1877 1854 impedita
1894 1753 2041 1828 malum

614 1880 842 1984 6publieum
861 1879 982 1952 facere
1005 1876 1159 1951 desinet.
1195 1874 1267 1950 Sed
1288 1899 1368 1947 non
1396 1873 1536 1948 inscius
1560 1900 1685 1975 neque
1708 1875 1930 1976 imprudens
1945 1902 2038 1963 sum,

642 2030 731 2078 cum
756 2028 799 2075 ea
822 2025 878 2072 res
905 2015 1063 2102 agetur,
1098 2022 1184 2097 quae
1214 1997 1354 2070 saevitia
1385 2022 1546 2098 quaeque
1575 2012 1808 2099 tempestates
1838 1995 2039 2072 hominum

642 2123 833 2199 nobilium
858 2119 1110 2208 futuraesint,
1134 2146 1224 2192 cum
1247 2117 1578 2220 indignabuntur,
1604 2119 1732 2193 omnia
1756 2118 1932 2196 funditus
1956 2120 2042 2194 mis-

641 2247 736 2334 ceri,
762 2243 930 2345 antiquis
950 2242 1094 2316 civibus
1122 2238 1225 2314 hanc
1246 2240 1464 2316 servitutem
1490 2241 1660 2343 imponi,
1685 2267 1846 2344 reguum
1876 2241 2040 2345 denique

640 2397 685 2443 ex
707 2368 826 2441 libera
847 2365 996 2440 civitate
1011 2363 1204 2452 futurum,
1222 2361 1291 2436 ubi
1310 2362 1426 2438 unius
1446 2391 1604 2440 munere
1625 2364 1835 2439 multitudo
1846 2365 1978 2470 ingens
1999 2369 2039 2441 in

641 2490 833 2566 civitatem
856 2485 1083 2590 pervenerit
1133 2483 1323 2588 Equidem
1344 2511 1411 2589 ego
1430 2486 1484 2562 sie
1503 2487 1609 2591 apud
1627 2489 1802 2562 animum
1821 2515 1950 2562 meum
1968 2507 2037 2564 sta-

641 2629 736 2690 tuo:
762 2611 908 2686 malum
932 2609 1081 2684 facinus
1108 2608 1150 2682 in
1182 2633 1220 2683 se
1244 2607 1461 2700 admittere,
1486 2611 1554 2714 qui
1579 2609 1822 2686 incommodo
1854 2611 2038 2714 reipubli-

640 2765 692 2814 cae
711 2737 871 2841 gratiam
888 2733 969 2808 sibi
994 2731 1188 2822 conciliet3
1214 2730 1283 2805 ubi
1311 2731 1460 2806 bonum
1492 2733 1696 2836 publicum
1720 2734 1835 2809 etiam
1862 2736 2039 2838 privatim

640 2862 726 2936 usui
744 2877 819 2933 est:
844 2858 885 2932 id
910 2883 998 2932 veru
1018 2853 1194 2930 dubitare
1215 2853 1388 2956 adgredi,
1413 2857 1593 2932 socordiae
1613 2873 1729 2958 atque
1750 2857 1908 2960 ignaviae
1931 2859 2039 2954 dtrco.

640 2985 690 3057 M.
710 2983 815 3056 Livio
839 2981 965 3054 Druso
985 3004 1132 3081 semper
1155 2975 1359 3050 consilium
1385 2976 1476 3068 fuit,
1502 2979 1544 3053 in
1568 2980 1771 3054 tribunatu
1796 3007 1941 3054 summa
1969 3009 2038 3084 ope

641 3107 714 3181 niti
740 3132 810 3208 pro
845 3100 1070 3176 nobilitate:
1093 3125 1218 3200 neque
1240 3097 1362 3172 ullam
1383 3125 1464 3174 rem
1489 3101 1530 3174 in
1554 3102 1748 3206 principio
1778 3129 1886 3208 agere
1914 3104 2041 3179 inten-

543 3242 548 3254 '
640 3229 715 3317 dit,
740 3227 812 3302 nisi
828 3226 887 3299 illi
909 3239 1078 3298 auctores
1106 3220 1248 3294 fierent
1289 3221 1360 3296 Sed
1381 3219 1553 3298 homines
1572 3225 1739 3315 factiosi,
1764 3227 1903 3328 quibus
1929 3227 2038 3302 dolus

641 3367 755 3452 atque
773 3349 919 3422 malitia
941 3346 1014 3420 fide
1032 3344 1178 3420 cariora
1200 3359 1325 3433 erant,
1352 3345 1421 3418 ubi
1437 3346 1725 3438 intellexerunt,
1750 3375 1820 3452 per
1833 3377 1956 3424 tanum
1968 3349 2036 3424 ho-

640 3473 782 3546 minem
807 3496 1029 3545 maxumum
1056 3464 1287 3542 beneficium
1316 3467 1447 3542 multis
1475 3469 1701 3544 mortalibus
1732 3470 1840 3546 dari:
1866 3473 2039 3548 videlicet

641 3611 678 3671 et
695 3595 768 3670 sibi
790 3594 950 3697 quisque
968 3591 1160 3679 conscius,
1186 3587 1288 3662 malo
1312 3605 1427 3692 atque
1448 3590 1568 3668 infido
1588 3593 1718 3668 auimo
1739 3619 1828 3684 esse,
1854 3595 1964 3671 deM
1977 3595 2038 3670 Li·

639 3719 700 3795 vio
725 3721 853 3792 Druso
879 3718 984 3791 iuxta
1011 3713 1125 3787 aede
1153 3737 1191 3785 se
1219 3711 1549 3790 existumaremnt.
1590 3720 1724 3818 Itaque
1746 3734 1867 3807 metu,
1893 3744 1943 3794 ne
1970 3745 2037 3822 per

639 3857 785 3916 tantam
812 3840 972 3944 gratiam
1004 3835 1105 3910 solus
1133 3859 1262 3910 rerum
1287 3836 1494 3936 potiretur,
1526 3854 1659 3914 contra
1685 3867 1774 3915 eum
1794 3840 1887 3930 nisi,
1911 3857 2037 3916 suaet

638 4063 733 4121 miruu
747 4060 858 4120 cunctis
877 4059 961 4117 b'abr.
976 4057 1049 4116 Bric.
1069 4055 1121 4134 qui
1131 4055 1268 4118 dora'nus
1283 4065 1348 4117 erat
1364 4057 1476 4120 crruetr’i
1489 4061 1609 4141 antiqua
1622 4059 1700 4121 Edit.
1722 4071 1786 4122 erat
1800 4073 1837 4136 et,
1854 4063 1936 4144 quod
1948 4067 2034 4144 vulgo

637 4169 757 4248 legitur,
776 4163 963 4225 eiiciendurr'r.
982 4193 1024 4208 -
1054 4160 1127 4240 Cap.
1143 4159 1170 4218 6.
1190 4179 1247 4238 (μω
1266 4183 1334 4222 mea
1353 4181 1398 4223 res
1412 4159 1509 4244 agitur
1532 4176 1613 4228 velus
1630 4165 1737 4236 editio,
1752 4169 1831 4226 unde
1851 4177 1930 4246 patet
1949 4187 2036 4244 qrwm

636 4271 775 4350 seriptum
794 4269 885 4332 luisse.
907 4267 939 4327 r'a
953 4285 982 4328 se
998 4265 1151 4327 adrnittem
1170 4263 1262 4326 Vatia.
1283 4267 1464 4330 committere
1481 4271 1582 4352 vulgo.
1602 4277 1630 4330 et
1645 4271 1758 4330 truttam
1777 4281 1857 4356 retus
1870 4269 1971 4331 editio.
1991 4271 2036 4341 Μ,
