4582 5320
584 413 634 512 98

584 587 716 668 eadem
730 585 814 664 haec
837 584 1083 662 simulantem
1106 583 1281 664 videam:
1306 595 1346 662 et
1364 581 1574 686 aliquando
1598 597 1666 658 aut
1683 579 1787 686 apud
1813 599 1900 670 vos,
1925 587 1994 654 ent

585 711 690 816 apud
710 711 810 786 Deos
835 707 1059 786 immortalis
1080 733 1210 785 rerum
1236 707 1498 784 humanarum
1517 734 1609 783 cura
1630 704 1803 781 oriatur:
1828 728 1888 778 nae
1909 700 1993 788 ille,

584 835 653 939 qui
672 861 779 909 nunc
797 832 999 909 sceleribus
1021 831 1097 906 suis
1116 831 1222 909 ferox
1246 848 1361 934 atque
1378 831 1582 935 praeelarus
1598 846 1669 920 est,
1691 829 1869 906 omnibus
1881 822 1992 900 melis

584 957 834 1046 excruciatus,
857 955 1061 1061 impietatis
1076 955 1117 1028 in
1130 971 1328 1060 parentem
1344 970 1537 1045 nostrum,
1555 954 1682 1029 fratris
1705 953 1779 1027 mei
1800 950 1902 1028 necis
1915 973 1994 1022 mc-

582 1107 769 1184 arumque
791 1078 1030 1154 miseriarum
1048 1079 1169 1182 gravis
1182 1105 1317 1184 poenas
1338 1078 1481 1154 reddat.
1514 1081 1596 1152 Iam
1613 1078 1690 1153 iam
1702 1076 1831 1164 frater,
1860 1073 1991 1148 animo

582 1231 666 1280 meo
695 1203 913 1291 carissume‚
938 1228 1176 1306 quamquam
1201 1203 1271 1278 tibi
1295 1203 1519 1291 immaturo,
1546 1219 1585 1277 et
1604 1200 1708 1276 unde
1734 1200 1908 1274 minume
1928 1192 1991 1270 de-

583 1328 680 1418 cuit,
704 1328 780 1403 vita
813 1342 942 1430 erepta
977 1343 1054 1402 est:
1089 1342 1218 1402 tamen
1245 1325 1457 1402 laetandum
1480 1325 1598 1429 magis
1631 1351 1749 1428 quam
1782 1319 1993 1399 dolendum

584 1466 679 1554 puto
700 1477 829 1526 casum
852 1467 965 1524 tuum
972 1481 982 1542 3
1010 1477 1091 1524 non
1114 1451 1220 1527 enim
1242 1477 1421 1555 regnum,
1446 1449 1512 1524 sed
1535 1447 1685 1552 fugam,
1705 1445 1898 1534 exsilium,
1912 1469 1992 1548 ege·

583 1591 718 1650 statem
735 1591 773 1649 et
791 1573 915 1649 omnis
931 1571 1020 1662 has,
1048 1599 1135 1675 quae
1153 1600 1215 1648 me
1236 1589 1440 1676 premunt,
1467 1597 1656 1646 aemmnas
1683 1595 1774 1644 cum
1798 1570 1927 1680 anima
1943 1568 1991 1641 si-

507 1743 512 1760 »
584 1699 666 1773 mul
683 1697 846 1772 amisisti.
882 1699 934 1770 At
955 1723 1022 1801 ego
1045 1696 1199 1786 infelix,
1235 1697 1277 1770 in
1306 1711 1413 1769 tanta
1439 1694 1539 1768 mala
1570 1694 1829 1797 praecipitntus
1855 1719 1901 1768 ex
1926 1718 1992 1795 pa-

585 1822 659 1894 trio
693 1846 809 1925 regno
821 1878 831 1911 ‚
863 1846 992 1894 rerum
1027 1818 1288 1893 humanarum
1324 1817 1585 1922 spectaculum
1615 1819 1765 1919 proebeo
1793 1815 1993 1890 :incertus

585 1943 681 2048 quid
703 1970 828 2046 agam,
853 1959 988 2016 tuasne
1013 1935 1174 2016 iniurias
1197 1967 1419 2046 persequar,
1445 1941 1524 2043 ipse
1547 1940 1681 2014 auxilii
1710 1965 1819 2044 egens
1826 1972 1837 2033 ;
1861 1964 1911 2014 an
1937 1964 1993 2013 re-

585 2092 660 2168 gno
674 2063 888 2153 consulam,
914 2064 1023 2138 cuius
1041 2064 1126 2138 vilae
1143 2063 1321 2166 necisque
1342 2079 1502 2166 potestas
1523 2087 1568 2138 ex
1590 2062 1725 2167 opibus
1747 2061 1880 2136 alienis
1901 2087 1995 2165 pen-

587 2188 659 2264 des
697 2188 856 2294 Utinam
880 2188 998 2262 emori
1024 2186 1189 2263 fortunis
1221 2187 1313 2260 meis
1341 2185 1521 2261 honestus
1548 2187 1669 2260 exitus
1696 2187 1808 2260 esset!
1834 2210 1912 2260 neu
1933 2185 1992 2290 vi·¹

586 2339 672 2388 vere
697 2296 937 2415 contemptus
966 2311 1132 2402 viderer,
1155 2311 1187 2386 si
1222 2309 1386 2385 defessus
1416 2309 1527 2384 malis
1553 2309 1705 2384 iniuriae
1727 2309 1994 2396 concessissem,

586 2437 698 2510 Nunc
714 2463 833 2539 neque
854 2436 978 2510 vivere
1010 2435 1147 2525 lubet,
1162 2461 1287 2536 neque
1307 2434 1404 2508 mori
1427 2433 1518 2509 licet
1535 2435 1618 2510 sine
1642 2433 1833 2509 dedecore.
1869 2435 1995 2506 Patres

587 2560 812 2664 conscripti,
828 2585 906 2663 perr
917 2583 997 2648 vos,
1019 2585 1089 2662 per
1112 2557 1276 2648 liberos,
1292 2574 1408 2660 atque
1425 2573 1601 2661 parentes
1618 2572 1774 2646 vestros,
1795 2581 1864 2659 per
1880 2554 1995 2630 maie·

586 2699 720 2756 statem
748 2681 884 2786 populi
913 2681 1075 2757 Romani
1106 2681 1305 2757 subvenite
1337 2681 1473 2757 misero
1503 2673 1621 2755 mihi:
1645 2680 1696 2755 ite
1722 2679 1873 2754 obviam
1895 2677 1997 2752 iniu-

589 2806 671 2894 riae,
702 2807 822 2881 nolite
836 2806 940 2910 pati,
966 2831 1127 2910 regnum
1144 2805 1354 2894 Numidioe,
1373 2805 1478 2908 quod
1496 2821 1663 2880 vestrum
1685 2819 1761 2895 est,
1781 2829 1851 2908 per
1875 2802 1995 2878 scelus

588 2945 626 3000 et
653 2931 878 3032 sanguinem
894 2928 1049 3003 familias
1070 2944 1207 3003 nostrae
1232 2927 1426 3004 tabescere.
1441 2933 1479 2964 '’'

587 3129 650 3188 haec
665 3129 766 3187 endem
786 3127 871 3185 Bem,
890 3147 915 3189 ι.
928 3126 956 3186 3.
978 3128 1108 3186 anemos
1121 3124 1296 3186 immortalis
1315 3125 1384 3192 Tur.
1405 3125 1490 3186 Bern.
1506 3131 1533 3189 ὅ.
1555 3135 1587 3186 ul
1601 3125 1649 3188 ills
1663 3125 1714 3206 qui
1728 3144 1808 3188 nunc
1822 3127 1938 3186 reddat.
1959 3143 1995 3184 ne

586 3231 653 3290 an.
676 3232 793 3295 Parisn.
808 3230 893 3290 Bern.
907 3231 935 3301 4.
958 3241 990 3290 ul
1008 3251 1045 3290 ns
1060 3230 1108 3290 ills
1127 3231 1194 3290 Sen.
1208 3251 1236 3291 2.
1258 3231 1358 3296 Heuss.
1379 3241 1448 3292 utet
1459 3242 1490 3291 nl
1510 3231 1608 3293 Guell.
1620 3234 1648 3292 6.
1671 3241 1704 3291 ιιι
1721 3231 1944 3300 illeomneslers
1955 3231 1996 3289 li-

587 3334 642 3392 bri.
647 3336 814 3414 secessuque
827 3335 884 3394 mei
902 3335 970 3418 Teg.
984 3335 1053 3396 Tur.
1074 3335 1107 3394 in
1119 3345 1289 3417 parentem,
1297 3335 1411 3412 fratris
1422 3337 1516 3407 meis,
1532 3357 1665 3398 mearum
1675 3336 1859 3396 miseriarum
1871 3335 1956 3396 Bern.
1969 3355 1993 3399 ι.

588 3437 648 3496 iam
660 3439 741 3512 frat.
766 3439 874 3515 (altero
892 3438 1089 3518 iamcmisso)
1111 3439 1224 3501 Febris.
1244 3441 1340 3502 Strui.
1367 3439 1464 3500 Guelf.
1478 3443 1505 3500 5.
1536 3441 1694 3502 immaturo
1722 3441 1775 3500 libi
1792 3441 1887 3506 Struv.
1907 3459 1995 3520 pron.

588 3562 649 3600 om.
667 3541 745 3602 Vrat.
763 3561 790 3600 2.
811 3552 839 3600 st
855 3545 942 3603 uncle.
958 3553 985 3602 el
1005 3563 1065 3602 cm.
1077 3544 1157 3604 Leid.
1174 3567 1199 3604 e.
1221 3545 1376 3605 nonenim
1391 3566 1525 3625 regnum.
1545 3548 1634 3607 modo
1650 3546 1767 3606 addunt
1784 3546 1852 3608 Vin.
1867 3566 1894 3605 2.
1914 3545 1995 3605 Vrat.

591 3668 616 3711 2.
638 3667 762 3727 regrusm
778 3656 860 3705 tuum
879 3647 941 3704 Bes.
959 3669 984 3706 1.
1004 3647 1097 3707 solum
1117 3648 1239 3709 Falsus.
1261 3649 1359 3710 Guelf.
1377 3652 1405 3710 5.
1428 3651 1588 3711 lwscmnis
1602 3650 1677 3718 Tur.
1699 3651 1784 3710 Bern.
1801 3671 1826 3708 1.
1847 3669 1911 3728 qzsoe
1923 3669 1994 3729 pre-

588 3763 671 3812 munt
691 3753 776 3812 Bern.
794 3751 822 3822 l..
847 3759 1021 3830 egestatem,
1043 3752 1138 3812 omm's
1164 3752 1226 3811 Bas.
1240 3754 1268 3824 4.
1300 3773 1337 3813 ne
1355 3755 1450 3815 vivers
1470 3759 1569 3838 vulgo.
1600 3775 1656 3814 neu
1677 3755 1774 3814 Guelf.
1790 3755 1819 3826 4.
1847 3754 1994 3814 Commsl.

588 3878 624 3917 ns
635 3858 697 3917 iure
717 3860 814 3936 plures
822 3856 936 3916 Wassii.
954 3855 1087 3917 bonasus
1101 3866 1169 3916 esset
1189 3857 1282 3917 esitus
1301 3857 1370 3918 Tur.
1391 3858 1466 3918 Bern
1479 3880 1504 3918 ι.
1525 3858 1736 3920 concessissem.
1748 3859 1850 3940 Neque
1870 3857 1954 3923 Bern.
1971 3879 1996 3917 ι.

584 3981 710 4040 percos,
723 3981 777 4042 per
793 3961 896 4021 liberos
909 3970 995 4039 atque
1010 3971 1146 4044 parentes
1163 3970 1270 4022 vestros
1284 3960 1346 4023 haec
1359 3964 1494 4023 omnium
1509 3965 1568 4024 sere
1581 3962 1679 4024 codd.
1694 3966 1791 4030 lectio.
1815 3985 1870 4044 per
1886 3973 1995 4024 vestros

587 4066 690 4128 liberos
705 4077 791 4143 atqise
802 4075 1053 4146 parentesseslros
1070 4066 1164 4125 Slruv.
1186 4066 1311 4127 obtestor
1329 4068 1487 4127 intrudunt
1507 4069 1609 4128 incest.
1628 4090 1654 4127 n.
1677 4069 1836 4130 Guelf.11.
1867 4067 1951 4128 llem.
1970 4089 1996 4128 r.

589 4189 641 4228 oro
658 4169 772 4245 addunt
792 4171 895 4231 Franc.
916 4170 995 4230 Vrat.
1009 4169 1037 4230 3.
1056 4189 1109 4249 per
1125 4191 1176 4230 vos
1193 4171 1297 4232 liberos
1313 4173 1421 4252 inserts
1432 4193 1457 4231 1.
1485 4186 1539 4252 per
1551 4193 1602 4235 vos
1617 4173 1721 4234 liberos
1736 4183 1823 4252 atquc
1835 4193 1902 4254 par.
1923 4173 1992 4237 Ecc.

585 4294 657 4332 cum
672 4273 785 4356 duobus
797 4278 860 4337 eliis
878 4275 959 4338 Cort.
982 4272 1058 4335 mihi
1073 4275 1177 4336 misero
1206 4276 1268 4346 Bas.
1285 4297 1309 4346 s.
1324 4276 1353 4348 4.
1374 4277 1459 4342 Bern.
1475 4282 1503 4342 3.
1524 4288 1552 4338 st
1562 4299 1618 4358 per
1631 4279 1806 4358 sanguinem
1826 4278 1912 4340 Bern.
1926 4277 1956 4339 3.
