4542 5318
1594 340 1667 417 235

265 499 381 580 finem
402 501 554 589 volent,
578 502 662 580 iure
683 503 857 608 gentium
881 527 939 578 ree
964 518 1115 608 repetet
1139 521 1178 580 et
1204 506 1235 580 ai
1258 508 1507 611 pertinaciter
1527 516 1667 594 retine-

262 625 386 716 bunt,
420 651 501 702 non
539 651 645 702 armo
672 652 798 728 neque
829 626 1097 718 secessionem,
1130 633 1398 708 tantummodo
1424 661 1475 709 ne
1500 637 1668 740 amplius

262 747 488 854 sanguinem
514 763 681 824 vestrum
705 749 922 851 proebeatis,
948 741 1117 828 censebo,
1153 751 1302 827 Gerant
1327 752 1572 859 habeantque
1595 785 1665 838 auo

262 871 378 945 modo
402 861 579 975 imperia,
605 886 780 973 quaerant
808 869 1047 975 triumphos:
1080 871 1365 966 Mithridatem,
1392 879 1602 958 Sertorium
1627 899 1671 959 et·
1743 895 1744 900 ’

262 992 442 1098 reliquias
468 993 641 1070 exsulum
671 1010 950 1096 persequantur
977 1020 1066 1069 cum
1090 993 1321 1100 imaginibus
1338 999 1423 1074 suis.
1468 1003 1578 1076 Absit
1599 1025 1669 1108 pe*

262 1116 431 1192 riculum
454 1132 493 1190 et
510 1114 633 1206 labor,
657 1115 797 1216 quibus
820 1114 930 1189 nulla
948 1141 1036 1218 pare
1057 1115 1204 1192 fructus
1224 1133 1294 1212 eet3
1319 1121 1670 1228 nisitorte.repen-.

264 1240 345 1313 tina
370 1239 439 1313 ista
462 1237 714 1314 frumentaria
744 1237 824 1341 lege
856 1237 989 1311 munia
1016 1254 1137 1313 vestra
1166 1259 1401 1344 pensantur:
1422 1271 1499 1348 qua
1531 1265 1662 1325 temen

262 1360 390 1464 quinio
410 1359 546 1434 modiis
566 1359 783 1434 libertatem
804 1359 979 1434 omnium
1002 1376 1266 1453 aestumavere,
1291 1367 1360 1466 qui
1392 1369 1562 1470 profecto
1582 1399 1663 1450 non

261 1482 425 1586 amplius
454 1497 614 1584 possunt
637 1480 830 1558 alimentis
865 1481 1032 1556 carceris.
1081 1484 1254 1586 Namque
1282 1503 1329 1570 ut
1352 1488 1428 1566 illic
1460 1493 1669 1596 exiguitate

260 1629 361 1680 moro
378 1601 618 1708 prohibetur,
636 1618 837 1678 senescunt
852 1602 966 1678 vires:
983 1602 1037 1677 sic
1050 1629 1175 1706 neque
1191 1606 1353 1684 absolvit
1369 1637 1462 1686 cura
1482 1613 1663 1690 familiari
1745 1603 1753 1692 s

261 1742 341 1802 tarn
351 1754 468 1831 parva
481 1752 557 1817 rm,
581 1741 620 1802 et
636 1725 791 1828 ignavus
807 1725 969 1827 quisque
990 1727 1209 1802 tenuissima
1227 1754 1294 1832 epe
1314 1729 1549 1808 frustratur:
1575 1751 1667 1838 quoe'

261 1866 389 1926 tamen
403 1850 576 1953 quamvis
587 1847 927 1951 ampla,quoniam
935 1847 1077 1922 servitii
1089 1849 1259 1951 pretium
1270 1858 1663 1946 ostentaretur‚cuiue
1754 1925 1756 1930 .

262 1973 470 2078 torpedinis
482 1988 564 2049 erat
575 1971 701 2076 decipi
714 1987 753 2048 et
763 1985 974 2047 vetuerunt
992 1996 1123 2046 rerum
1135 1957 1239 2048 urii>
1255 1973 1400 2050 iniuria
1415 1979 1578 2079 gratiam
1597 1979 1663 2055 de-

259 2097 369 2174 berei
395 2097 569 2198 Namque
585 2095 662 2170 alio
675 2093 792 2180 modo
819 2119 945 2194 neque
959 2092 1090 2168 valent
1107 2092 1149 2168 in
1168 2096 1379 2189 universos,
1401 2126 1526 2200 neque
1546 2127 1666 2176 cona-

259 2215 638 2298 bunturtmvendra
655 2233 783 2292 tamen
795 2212 906 2289 dolue
918 2197 984 2290 ¹eet.
1009 2217 1144 2318 ltaque
1154 2217 1271 2293 simul
1282 2237 1507 2323 comparant
1518 2221 1663 2298 deleni-

258 2358 455 2432 menta,et
469 2340 656 2416 differunt
666 2363 730 2414 vos
748 2338 792 2411 in
804 2336 1011 2410 adventum
1021 2339 1286 2442 Cn.Pornpeii·;
1311 2369 1427 2444 quem
1438 2343 1580 2448 iprum,
1590 2343 1663 2420 ubi

257 2467 505 2572 pertimuere,
517 2461 714 2538 sublatum
730 2459 776 2532 in.
789 2455 949 2532 cervices
965 2481 1069 2548 suae,
1094 2485 1186 2534 mox
1208 2459 1336 2538 demto
1357 2481 1463 2538 metu
1480 2466 1662 2542 lacerant

256 2591 387 2694 Neque
399 2612 460 2663 eoo
471 2585 601 2690 pudet,
609 2580 790 2670 vindicet,
803 2578 863 2654 uti
878 2603 916 2654 te
926 2576 1075 2668 lerunt,
1086 2577 1291 2669 libertatis,
1301 2593 1358 2657 tot
1367 2584 1467 2658 viror
1478 2585 1562 2659 eine
1570 2611 1663 2678 uno,

258 2729 328 2789 ent
342 2713 534 2788 remittere
554 2704 739 2782 iniuriam
762 2727 843 2778 non
862 2698 1021 2792 audere,
1047 2715 1117 2776 ont
1137 2701 1197 2776 ius
1217 2713 1296 2777 no'n
1320 2728 1428 2812 potae
1448 2703 1661 2784 defendere.

257 2833 357 2912 Mihi
376 2831 535 2936 quidem
557 2828 646 2905 eatis
663 2841 879 2932 spectatum
898 2839 970 2916 eet,
995 2823 1242 2929 Pompeium,
1265 2841 1381 2900 tantae
1410 2826 1539 2931 glor-ioe
1556 2825 1667 2904 'adue

258 2957 479 3046 letoentem,
502 2952 618 3028 malle
642 2947 858 3054 principem
877 2943 1091 3022 volentibus
1113 2947 1219 3022 vobio
1241 2971 1333 3038 esse,
1358 2975 1478 3052 qrmm
1498 2949 1575 3026 illio
1592 2950 1661 3026 do-

256 3077 480 3156 minationis
503 3075 664 3162 eocium,
689 3086 962 3172 auctoremque
984 3069 1027 3143 in
1049 3069 1183 3170 primis
1203 3067 1284 3144 fore
1308 3069 1527 3146 tribunioiae
1551 3086 1660 3176 pote·

257 3199 374 3278 etatin
409 3201 573 3285 Verum,
593 3192 783 3292 Quirites,
807 3205 920 3266 antea
948 3183 1090 3294 cinguli
1112 3189 1209 3265 cirea
1227 3189 1270 3264 in
1291 3191 1488 3294 pluribus,
1514 3217 1595 3272 non
1615 3192 1659 3272 in

258 3348 339 3399 uno
359 3319 489 3396 cuncti
512 3314 685 3422 praesidia
704 3311 927 3389 habebatis:
951 3337 1077 3414 neque
1099 3312 1321 3387 mortalium
1343 3313 1548 3420 quisquam
1567 3315 1660 3392 dare

131 3523 138 3536 ,
259 3460 327 3520 eut
349 3444 493 3547 eripere
512 3439 603 3514 talia
620 3460 721 3514 unua
740 3447 898 3539 poterat.
940 3435 1076 3536 Itaque
1091 3434 1297 3512 verborum
1314 3433 1403 3510 satie
1424 3435 1575 3516 dietum
1594 3455 1664 3532 eet,

257 3673 286 3726 et
302 3682 366 3741 quo
379 3661 472 3726 Vatia.
493 3659 578 3726 Febr.
607 3657 682 3718 brie.
703 3675 793 3736 neque
805 3689 823 3704 ·
840 3657 945 3717 hortor
964 3653 1000 3715 C.
1017 3659 1062 3716 Fr.
1085 3655 1202 3716 hortor.
1221 3657 1341 3718 censebo
1359 3657 1453 3726 Velie.
1476 3656 1561 3722 aab.
1577 3657 1656 3726 Baio.

256 3787 356 3828 otnero
376 3769 476 3848 vulgo.
496 3763 592 3843 quinia
609 3753 711 3822 modIt'
730 3762 769 3820 ita
783 3761 880 3824 Vatia.
910 3759 1012 3839 r'gnooi
1030 3759 1081 3838 qui
1092 3749 1190 3839 'mque
1214 3762 1394 3850 tenuerimus
1417 3759 1656 3840 perfruerentur

254 3869 347 3935 Velie.
365 3870 453 3930 Febr.
474 3867 548 3930 Bsie.
569 3867 691 3948 ἰςνιαιω
702 3865 754 3947 qui
769 3885 856 3946 ratque
874 3855 969 3928 vatic.
988 3864 1059 3926 inde
1072 3861 1135 3926 orte
1151 3873 1193 3923 ert
1207 3865 1358 3948 ingeniose
1375 3863 1493 3922 Pmeani
1513 3862 1656 3924 emenda·

255 3977 314 4050 tio,
328 3996 385 4058 qua
404 3973 530 4054 genuina
548 3975 673 4034 auctoris
687 3971 774 4033 verbe
791 3974 918 4058 reatitnla
934 3981 1029 4052 putor
1047 3989 1136 4052 quare
1153 3969 1258 4049 περὶ.
1278 3964 1489 4031 denominata
1501 3974 1532 4028 d
1542 3965 1655 4028 accim

254 4083 284 4140 ti
308 4077 370 4138 om'.
391 4075 476 4136 Febr.
499 4073 573 4136 Bric-
600 4069 628 4135 ἀι
642 4065 755 4156 Lipsius
773 4075 833 4136 iam
846 4085 935 4134 antea
953 4074 1119 4164 coniectura
1133 4071 1285 4134 deleverat.
1307 4089 1397 4158 tteqm
1411 4069 1492 4154 apim
1505 4089 1668 4150 ageremu-

255 4177 425 4274 maeret
439 4200 485 4242 rer
503 4179 582 4240 Don.
600 4179 640 4240 ad
655 4171 791 4242 Euuueb'.
807 4197 842 4252 r,
864 4195 901 4254 a,
924 4175 974 4246 tt,
995 4173 1090 4236 neoto
1108 4192 1236 4254 querat
1255 4175 1376 4258 torpedo
1395 4174 1437 4236 ita
1455 4173 1664 4256 omnlibrb,

374 4285 377 4292 '
1051 4271 1057 4280 '
1216 4273 1244 4333 N
