4570 5316
601 400 671 497 ι96

595 593 702 667 stro‚·
716 583 990 650 cruentaverat
1042 566 1159 667 Quod
1181 565 1249 642 ubi
1267 563 1406 642 milites
1427 591 1625 670 strepere,
1650 564 1768 669 magis
1795 560 1994 638 atrocitate

598 699 653 776 rei
677 725 798 802 quam
819 695 895 772 fide
908 693 1045 770 nuncii
1069 707 1287 769 terrentur:
1311 689 1503 792 simulque
1521 689 1675 764 barbari
1692 688 1840 764 animos
1863 685 1995 762 tollere

597 839 637 900 et
653 822 696 897 in
718 819 910 928 peruulsos
925 819 1115 893 Romanoa
1136 815 1260 892 aurius
1279 813 1461 892 inuadere
1510 816 1668 915 Iamque
1679 811 1858 916 paullum
1870 809 1921 884 ab
1937 807 1998 885 iu·

597 971 644 1050 ga
672 945 859 1032 aberant,
896 967 1020 1046 quum
1050 939 1175 1028 Sulla,
1208 936 1416 1042 profligatis
1439 936 1506 1026 iis,
1531 962 1626 1038 quos
1654 935 1857 1012 advorsum
1883 933 1997 1020 ierat,

597 1067 746 1144 rediens
771 1066 820 1140 ab
847 1063 965 1140 latare
987 1063 1131 1138 Mauris
1149 1062 1322 1142 incurrit
1372 1059 1541 1136 Bocchus
1561 1060 1690 1134 statim
1708 1057 1905 1134 avortitur.
1947 1059 1998 1129 lt

597 1187 802 1294 Iugurtha,
825 1188 922 1264 dum
941 1203 1152 1262 sustentare
1166 1209 1252 1262 suos
1272 1201 1312 1261 et
1337 1211 1457 1288 prope
1487 1184 1564 1258 iam
1591 1183 1772 1286 adeptam
1800 1179 1997 1256 victoriam

598 1313 762 1388 retinere
782 1313 906 1415 cupit,
933 1311 1214 1386 circumventus
1233 1309 1282 1383 ab
1301 1307 1512 1410 equitibus,
1537 1306 1691 1394 dextra,
1710 1305 1863 1380 sinistra
1877 1303 2000 1378 omni·
2019 1299 2027 1314 '

598 1436 670 1510 bus
696 1435 841 1525 occisis,
864 1434 966 1510 solus
993 1433 1095 1508 inter
1119 1433 1192 1506 tela
1209 1430 1379 1507 hostium
1397 1430 1631 1507 vitabundus
1648 1429 1826 1531 erumpit
1875 1431 1999 1530 Atque

599 1559 755 1634 interim
769 1557 935 1648 Marius,
959 1555 1097 1660 fugatis
1108 1556 1324 1658 equitibus,
1347 1555 1515 1630 accurrit
1527 1553 1670 1628 auxilio
1688 1553 1782 1642 suis,
1808 1577 1903 1654 quos
1919 1548 2000 1654 pel-

600 1681 628 1754 li
650 1681 944 1784 iamaceeperat.
994 1679 1173 1780 Denique
1204 1676 1328 1754 hostes
1351 1677 1428 1752 iam
1453 1677 1626 1780 undique
1646 1674 1731 1753 fusi.
1780 1678 1882 1750 Tum
1895 1699 1999 1778 speo-

601 1803 773 1879 taculum
800 1801 987 1878 horribile
1018 1801 1060 1874 in
1085 1800 1229 1903 campis
1253 1799 1474 1904 patentibus
1494 1833 1502 1874 :
1526 1800 1659 1902 sequi,
1684 1799 1834 1904 fugere,
1858 1795 2000 1886 occidi,

601 1928 708 2030 capi;
731 1925 820 2028 equi
839 1940 956 2027 atque
982 1924 1055 1998 viri
1078 1923 1224 1998 adflicti
1249 1955 1258 1995 ε
1283 1923 1473 2013 etmulti,
1498 1923 1717 1999 volneribus
1737 1922 1917 2026 acceptis,
1936 1946 2000 1994 ne-

602 2075 679 2152 que
700 2048 831 2152 fugere
843 2073 971 2152 posse,
992 2072 1121 2148 neque
1146 2046 1315 2148 qrrietem
1330 2047 1428 2150 pati;
1452 2046 1526 2122 niti
1548 2046 1685 2139 modo,
1707 2073 1753 2122 ao
1771 2047 1901 2122 statim
1912 2073 2001 2124 oon-

602 2171 748 2250 cidere:
773 2187 962 2274 postremo
988 2170 1134 2260 omnia,
1160 2196 1237 2272 qua
1266 2170 1366 2246 visus
1392 2186 1498 2262 erat,
1518 2185 1708 2248 constrata
1727 2167 1833 2262 telis,
1862 2171 1999 2262 armis,

539 2294 880 2383 rossadaveribus3
912 2309 951 2368 et
978 2293 1079 2368 inter
1111 2319 1155 2368 ea
1184 2291 1325 2370 humus
1355 2293 1495 2386 iniecta
1523 2294 1719 2400 sauguine.
1775 2296 1907 2370 Postea
1927 2293 2001 2372 loci

606 2418 748 2495 Consul
782 2415 888 2492 haud
923 2416 1041 2491 dubie
1073 2415 1150 2491 iam
1182 2416 1327 2510 vietor,
1349 2418 1524 2521 pervenit
1545 2419 1588 2494 in
1613 2417 1802 2523 oppidum
1835 2418 2002 2510 Cirtam,

604 2567 682 2646 quo
711 2539 824 2617 initio
847 2539 1038 2643 proiectus
1059 2538 1287 2616 intenderat.
1336 2543 1393 2616 Eo
1418 2557 1504 2645 post
1527 2540 1631 2619 diem
1654 2541 1861 2646 quintum,
1886 2569 2003 2646 qurum

605 2665 744 2740 iterum
767 2661 923 2739 barbari
948 2661 1050 2738 male
1072 2678 1355 2766 pugnaverant,
1379 2663 1492 2768 legati
1516 2663 1704 2741 aBoccho
1727 2667 1890 2746 veniunt
1905 2724 1917 2757 ,
1934 2667 2002 2770 qui

604 2786 699 2892 regis
719 2786 842 2862 verbis
856 2785 906 2860 ab
926 2783 1050 2858 Mario
1065 2785 1246 2888 petivere,
1263 2784 1359 2860 duos
1377 2813 1496 2890 quam
1514 2785 1724 2866 fidissumos
1739 2787 1789 2865 ad
1806 2815 1896 2866 eum
1916 2791 2003 2866 mit·

605 2924 716 3006 teret3
732 2907 886 2985 vellede
903 2931 942 2983 se
956 2923 995 2983 et
1013 2906 1062 2983 de
1082 2889 1218 3011 populi
1235 2895 1398 2984 Roruani
1414 2911 1615 2988 commodo
1632 2939 1722 2990 oum
1741 2911 1802 2988 his
1818 2913 2003 2991 disserere

604 3089 682 3153 raris
693 3089 837 3162 lectione,
858 3085 919 3148 duo
936 3085 1051 3148 Wassii.
1070 3087 1145 3147 Vin.
1160 3106 1190 3148 a.
1208 3087 1341 3168 ubsugu
1360 3087 1445 3151 Febr.
1457 3111 1483 3150 r.
1503 3090 1601 3154 Gusli.
1613 3095 1642 3157 3.
1661 3113 1754 3176 pusp.
1767 3095 1851 3154 erasit
1872 3093 1942 3154 Nar.
1961 3043 2001 3154 ur.

604 3213 660 3254 sea.
680 3194 774 3274 erupit
795 3193 867 3254 Vin.
882 3211 910 3252 2.
937 3191 1051 3254 Fabrio.
1064 3213 1093 3254 2.
1121 3192 1331 3276 Berg.1⁴'rauo.
1350 3193 1420 3256 Ere.
1449 3195 1546 3257 Gueli.
1562 3219 1591 3279 7.
1616 3196 1835 3260 Ieid.h.k.ur.
1861 3197 1923 3258 Bas.
1938 3199 2001 3270 ι.4.

604 3296 689 3357 Bern.
705 3319 731 3358 1.
747 3302 777 3360 3.
804 3296 935 3358 occurrit
952 3317 1024 3362 our.
1040 3297 1099 3358 suis
1117 3296 1200 3380 Berg.
1231 3297 1326 3364 Strur.
1353 3297 1421 3361 Eoo.
1448 3300 1625 3374 (inoliti.
1638 3325 1666 3384 7.
1682 3323 1727 3364 ro.
1743 3323 1788 3363 rr.
1801 3324 1846 3364 ra.
1873 3302 2004 3366 wenna

605 3403 700 3463 attari.
722 3401 783 3460 tam
796 3403 907 3480 unas.
927 3401 988 3462 iam
1004 3421 1065 3462 om.
1080 3402 1177 3467 Gueli.
1186 3402 1216 3463 ὅ.
1237 3401 1305 3464 Ero.
1326 3403 1360 3462 iu
1374 3403 1493 3486 earnpr's.
1514 3403 1548 3466 in
1568 3427 1629 3473 om.
1649 3406 1733 3469 Febr.
1751 3407 1835 3470 Leid.
1848 3430 1889 3467 m.
1908 3407 2002 3488 ωᾳιιὶ,

604 3504 732 3586 qffirgers
751 3502 850 3576 Bari.
870 3504 940 3586 Τις.
969 3505 1054 3584 equi,
1066 3505 1129 3566 viri
1146 3505 1244 3572 Guali.
1256 3507 1286 3567 6.
1306 3509 1442 3586 mustela
1454 3510 1601 3591 sanguina
1619 3511 1689 3595 Τις.
1710 3511 1795 3574 Febr.
1813 3510 2004 3574 Gueii.r.rr.

688 3631 761 3714 Cap.
780 3653 848 3694 roa.
867 3635 918 3700 faci
933 3651 1000 3693 eum
1014 3633 1059 3694 uti
1076 3634 1203 3696 mitteret
1221 3636 1344 3720 [οἱὼς.
1368 3638 1408 3698 de
1423 3657 1454 3700 ss
1468 3647 1497 3699 et
1512 3640 1590 3720 dep.
1609 3621 1710 3705 aas.
1739 3639 1862 3702 Parias.
1881 3662 1934 3704 uto
1952 3661 2003 3703 oa-

603 3741 667 3802 trri.
687 3749 715 3801 et
730 3741 769 3800 do
782 3757 835 3800 uto
853 3737 940 3798 Febr.
959 3737 1029 3821 Teg-
1049 3755 1117 3798 etan
1133 3737 1179 3799 lui
1196 3739 1336 3802 uuam
1361 3761 1463 3803 omnes
1478 3744 1536 3804 lero
1549 3743 1626 3804 libri.
1652 3743 1759 3805 armis
1777 3743 1845 3806 Ber.
1865 3743 1960 3807 Guell.
1973 3747 2002 3812 6.

602 3847 639 3907 L.
654 3843 718 3908 Sal.
739 3843 776 3912 L.
790 3843 934 3926 om.'1¹eg.
955 3842 1017 3904 Bas.
1030 3842 1059 3914 4.
1079 3841 1148 3907 Tur.
1168 3844 1260 3904 omiti
1271 3845 1423 3908 veniebant
1446 3847 1543 3909 Guelf.
1564 3847 1593 3910 5.
1618 3847 1678 3908 Erl.
1697 3847 1778 3912 verb.
1794 3869 1856 3910 om.
1871 3847 1938 3914 Eoo.
1958 3849 2005 3914 ut

603 3952 702 4033 ingan.
723 3953 765 4011 ita
780 3948 896 4010 Gruter.
914 3956 958 4010 'ex
975 3949 1089 4029 aliquot
1106 3951 1196 4011 Palat.
1216 3958 1245 4008 et
1257 3952 1379 4030 plurimi
1393 3950 1476 4012 Laid.
1494 3951 1556 4012 Bas.
1569 3951 1599 4024 4.
1619 3951 1667 4013 uti
1678 3973 1742 4014 om.
1753 3952 1840 4018 Febr.
1858 3954 1918 4020 ine.
1938 3953 2002 4020 Bu.

606 4075 632 4116 a.
651 4056 747 4120 Sator.
767 4056 838 4119 Vin.
851 4074 879 4116 a.
900 4058 998 4136 plures
1011 4047 1100 4114 Palot.
1120 4052 1189 4136 Teg.
1208 4053 1306 4116 Turio.
1326 4052 1411 4116 Baro.
1427 4055 1457 4118 3.
1476 4056 1611 4119 Senatu
1630 4059 1714 4124 Vnt
1726 4078 1753 4119 a.
1773 4057 1842 4119 Eos.
1861 4057 1960 4127 Gueli'.
1974 4080 2016 4119 ι..

603 4178 634 4220 a.
647 4160 676 4231 4.
688 4163 717 4222 6.
738 4181 795 4240 quo
811 4160 911 4242 irrgsu
930 4158 1032 4221 Viaar.
1049 4180 1075 4220 ι.
1096 4157 1181 4219 Bern.
1196 4179 1221 4236 r.
1241 4158 1347 4222 Fure.
1366 4160 1448 4246 Borg.
1470 4161 1567 4225 Guoll.
1580 4167 1609 4226 3.
1629 4162 1712 4224 Laid.
1723 4163 1754 4222 k.
1772 4160 1825 4243 qui
1836 4162 1899 4243 ing.
1917 4162 2000 4225 Laid.

603 4285 646 4324 ι.
659 4263 794 4342 aristeas.
815 4267 928 4346 aliquot
941 4263 1110 4332 Riviilibri.
1130 4264 1197 4326 nob.
1211 4266 1272 4326 ue.
1290 4276 1332 4328 est
1349 4266 1410 4330 hoo
1427 4267 1532 4330 ordino
1551 4268 1685 4350 plerique
1702 4265 1784 4329 Cori.
1804 4267 1863 4327 loet.
1879 4267 1947 4328 nob.
1959 4275 2000 4328 sat

602 4370 683 4448 quod
701 4368 786 4432 Bern.
800 4369 829 4442 4.
850 4371 909 4430 loet.
921 4369 1003 4432 nott
1014 4379 1055 4432 ut
1080 4368 1143 4430 Bu.
1160 4389 1188 4431 a.
1206 4370 1310 4434 loetr'tiu
1325 4382 1377 4436 est.
1396 4382 1510 4438 mom.
1528 4371 1611 4438 aibr.
1625 4371 1740 4450 r.Tur.,
1753 4381 1794 4436 ost
1805 4369 1888 4436 nobr‘s
1900 4369 1999 4436 cusu.
