<?xml version="1.0" encoding="UTF-8"?>
<!DOCTYPE html PUBLIC "-//W3C//DTD XHTML 1.0 Transitional//EN"
    "http://www.w3.org/TR/xhtml1/DTD/xhtml1-transitional.dtd">
<html xmlns="http://www.w3.org/1999/xhtml" xml:lang="en" lang="en">
 <head>
  <title>
</title>
<meta http-equiv="Content-Type" content="text/html;charset=utf-8" />
  <meta name='ocr-system' content='tesseract 3.04.00' />
  <meta name='ocr-capabilities' content='ocr_page ocr_carea ocr_par ocr_line ocrx_word'/>
</head>
<body>
  <div class='ocr_page' id='page_1' title='image "./ccrispisalustii02sallgoog_0187.png"; bbox 0 0 4570 5316; ppageno 0'>
   <div class='ocr_carea' id='block_1_1' title="bbox 612 429 682 522">
    <p class='ocr_par' dir='ltr' id='par_1_1' title="bbox 612 429 682 522">
     <span class='ocr_line' id='line_1_1' title="bbox 612 429 682 522; baseline 0.014 -1"><span class='ocrx_word' id='word_1_1' title='bbox 612 429 682 522; x_wconf 72' lang='lat'><strong>144</strong></span> 
     </span>
    </p>
   </div>
   <div class='ocr_carea' id='block_1_2' title="bbox 570 598 2025 3289">
    <p class='ocr_par' dir='ltr' id='par_1_2' title="bbox 570 598 2025 3289">
     <span class='ocr_line' id='line_1_2' title="bbox 606 598 2016 708; baseline -0.002 -27"><span class='ocrx_word' id='word_1_2' title='bbox 606 599 722 708; x_wconf 78' lang='lat' dir='ltr'><strong>aequi.</strong></span> <span class='ocrx_word' id='word_1_3' title='bbox 771 607 831 678; x_wconf 89' lang='lat' dir='ltr'><strong>Ita</strong></span> <span class='ocrx_word' id='word_1_4' title='bbox 849 629 927 706; x_wconf 85' lang='lat' dir='ltr'><strong>quo</strong></span> <span class='ocrx_word' id='word_1_5' title='bbox 945 601 1103 692; x_wconf 86' lang='lat' dir='ltr'><strong>clarior,</strong></span> <span class='ocrx_word' id='word_1_6' title='bbox 1124 627 1168 676; x_wconf 89' lang='lat' dir='ltr'><strong>eo</strong></span> <span class='ocrx_word' id='word_1_7' title='bbox 1184 598 1302 705; x_wconf 77' lang='lat' dir='ltr'><strong>magis</strong></span> <span class='ocrx_word' id='word_1_8' title='bbox 1317 598 1452 676; x_wconf 80' lang='lat' dir='ltr'><strong>anxius</strong></span> <span class='ocrx_word' id='word_1_9' title='bbox 1472 613 1555 676; x_wconf 85' lang='lat' dir='ltr'><strong>erat</strong></span> <span class='ocrx_word' id='word_1_10' title='bbox 1578 632 1586 674; x_wconf 93' lang='lat'><strong>:</strong></span> <span class='ocrx_word' id='word_1_11' title='bbox 1612 625 1738 704; x_wconf 87' lang='lat' dir='ltr'><strong>neque</strong></span> <span class='ocrx_word' id='word_1_12' title='bbox 1758 615 1843 704; x_wconf 89' lang='lat' dir='ltr'><strong>post</strong></span> <span class='ocrx_word' id='word_1_13' title='bbox 1862 599 2016 678; x_wconf 76' lang='lat' dir='ltr'><strong>insidiae</strong></span> 
     </span>
     <span class='ocr_line' id='line_1_3' title="bbox 606 722 2016 833; baseline -0.001 -31"><span class='ocrx_word' id='word_1_14' title='bbox 606 725 803 833; x_wconf 77' lang='lat' dir='ltr'><strong>Iugurthae</strong></span> <span class='ocrx_word' id='word_1_15' title='bbox 824 727 940 802; x_wconf 81' lang='lat' dir='ltr'><strong>effuso</strong></span> <span class='ocrx_word' id='word_1_16' title='bbox 959 722 1126 800; x_wconf 83' lang='lat' dir='ltr'><strong>exercitu</strong></span> <span class='ocrx_word' id='word_1_17' title='bbox 1151 723 1339 828; x_wconf 66' lang='lat' dir='ltr'><strong>praedaria</strong></span> <span class='ocrx_word' id='word_1_18' title='bbox 1362 723 1431 799; x_wconf 89' lang='lat' dir='ltr'><strong>ubi</strong></span> <span class='ocrx_word' id='word_1_19' title='bbox 1453 725 1646 799; x_wconf 80' lang='lat' dir='ltr'><strong>frumento</strong></span> <span class='ocrx_word' id='word_1_20' title='bbox 1666 741 1735 800; x_wconf 90' lang='lat' dir='ltr'><strong>aut</strong></span> <span class='ocrx_word' id='word_1_21' title='bbox 1755 724 1900 828; x_wconf 82' lang='lat' dir='ltr'><strong>pabulo</strong></span> <span class='ocrx_word' id='word_1_22' title='bbox 1920 749 2016 829; x_wconf 70' lang='lat' dir='ltr'><strong>aput</strong></span> 
     </span>
     <span class='ocr_line' id='line_1_4' title="bbox 608 847 2013 952; baseline -0.003 -24"><span class='ocrx_word' id='word_1_23' title='bbox 608 867 708 937; x_wconf 80' lang='lat' dir='ltr'><strong>enat,</strong></span> <span class='ocrx_word' id='word_1_24' title='bbox 728 847 899 926; x_wconf 87' lang='lat' dir='ltr'><strong>cohortes</strong></span> <span class='ocrx_word' id='word_1_25' title='bbox 917 875 1008 924; x_wconf 87' lang='lat' dir='ltr'><strong>cum</strong></span> <span class='ocrx_word' id='word_1_26' title='bbox 1028 847 1134 922; x_wconf 90' lang='lat' dir='ltr'><strong>omni</strong></span> <span class='ocrx_word' id='word_1_27' title='bbox 1154 847 1330 950; x_wconf 84' lang='lat' dir='ltr'><strong>equitatu</strong></span> <span class='ocrx_word' id='word_1_28' title='bbox 1348 848 1567 952; x_wconf 77' lang='lat' dir='ltr'><strong>praesidium</strong></span> <span class='ocrx_word' id='word_1_29' title='bbox 1580 848 1777 952; x_wconf 83' lang='lat' dir='ltr'><strong>agitabant</strong></span> <span class='ocrx_word' id='word_1_30' title='bbox 1794 877 1804 921; x_wconf 75' lang='lat' dir='ltr'><strong>a</strong></span> <span class='ocrx_word' id='word_1_31' title='bbox 1826 849 2013 924; x_wconf 72' lang='lat' dir='ltr'><strong>exercitus</strong></span> 
     </span>
     <span class='ocr_line' id='line_1_5' title="bbox 609 969 2014 1080; baseline -0.001 -31"><span class='ocrx_word' id='word_1_32' title='bbox 609 990 756 1080; x_wconf 86' lang='lat' dir='ltr'><strong>partem</strong></span> <span class='ocrx_word' id='word_1_33' title='bbox 793 971 897 1076; x_wconf 86' lang='lat' dir='ltr'><strong>ipse,</strong></span> <span class='ocrx_word' id='word_1_34' title='bbox 929 971 1095 1074; x_wconf 84' lang='lat' dir='ltr'><strong>reliquos</strong></span> <span class='ocrx_word' id='word_1_35' title='bbox 1126 969 1271 1043; x_wconf 81' lang='lat' dir='ltr'><strong>Marius</strong></span> <span class='ocrx_word' id='word_1_36' title='bbox 1309 969 1482 1045; x_wconf 79' lang='lat' dir='ltr'><strong>ducebat.</strong></span> <span class='ocrx_word' id='word_1_37' title='bbox 1532 971 1606 1048; x_wconf 85' lang='lat' dir='ltr'><strong>Sed</strong></span> <span class='ocrx_word' id='word_1_38' title='bbox 1636 971 1715 1076; x_wconf 82' lang='lat' dir='ltr'><strong>igni</strong></span> <span class='ocrx_word' id='word_1_39' title='bbox 1745 972 1862 1075; x_wconf 79' lang='lat' dir='ltr'><strong>magia</strong></span> <span class='ocrx_word' id='word_1_40' title='bbox 1897 996 2014 1076; x_wconf 85' lang='lat' dir='ltr'><strong>quam</strong></span> 
     </span>
     <span class='ocr_line' id='line_1_6' title="bbox 609 1091 2017 1201; baseline 0.001 -30"><span class='ocrx_word' id='word_1_41' title='bbox 609 1097 738 1201; x_wconf 72' lang='lat' dir='ltr'><strong>paaeda</strong></span> <span class='ocrx_word' id='word_1_42' title='bbox 762 1123 850 1200; x_wconf 83' lang='lat' dir='ltr'><strong>ager</strong></span> <span class='ocrx_word' id='word_1_43' title='bbox 875 1096 1104 1170; x_wconf 82' lang='lat' dir='ltr'><strong>vastabatur.</strong></span> <span class='ocrx_word' id='word_1_44' title='bbox 1153 1093 1315 1184; x_wconf 72' lang='lat' dir='ltr'><strong>Duobua</strong></span> <span class='ocrx_word' id='word_1_45' title='bbox 1346 1091 1439 1170; x_wconf 80' lang='lat' dir='ltr'><strong>locis</strong></span> <span class='ocrx_word' id='word_1_46' title='bbox 1460 1093 1569 1169; x_wconf 89' lang='lat' dir='ltr'><strong>haud</strong></span> <span class='ocrx_word' id='word_1_47' title='bbox 1588 1093 1700 1199; x_wconf 79' lang='lat' dir='ltr'><strong>longe</strong></span> <span class='ocrx_word' id='word_1_48' title='bbox 1725 1093 1827 1168; x_wconf 85' lang='lat' dir='ltr'><strong>inter</strong></span> <span class='ocrx_word' id='word_1_49' title='bbox 1843 1120 1881 1171; x_wconf 79' lang='lat' dir='ltr'><strong>se</strong></span> <span class='ocrx_word' id='word_1_50' title='bbox 1896 1113 2017 1173; x_wconf 77' lang='lat' dir='ltr'><strong>castra</strong></span> 
     </span>
     <span class='ocr_line' id='line_1_7' title="bbox 608 1215 2020 1321; baseline 0 -27"><span class='ocrx_word' id='word_1_51' title='bbox 608 1219 822 1310; x_wconf 77' lang='lat' dir='ltr'><strong>faciebant5</strong></span> <span class='ocrx_word' id='word_1_52' title='bbox 846 1218 915 1292; x_wconf 93' lang='lat' dir='ltr'><strong>ubi</strong></span> <span class='ocrx_word' id='word_1_53' title='bbox 943 1216 982 1292; x_wconf 87' lang='lat' dir='ltr'><strong>vi</strong></span> <span class='ocrx_word' id='word_1_54' title='bbox 1016 1243 1111 1321; x_wconf 84' lang='lat' dir='ltr'><strong>opus</strong></span> <span class='ocrx_word' id='word_1_55' title='bbox 1137 1230 1237 1303; x_wconf 88' lang='lat' dir='ltr'><strong>erat,</strong></span> <span class='ocrx_word' id='word_1_56' title='bbox 1269 1215 1400 1290; x_wconf 88' lang='lat' dir='ltr'><strong>cuncti</strong></span> <span class='ocrx_word' id='word_1_57' title='bbox 1428 1216 1615 1296; x_wconf 80' lang='lat' dir='ltr'><strong>aderant:</strong></span> <span class='ocrx_word' id='word_1_58' title='bbox 1641 1233 1835 1306; x_wconf 85' lang='lat' dir='ltr'><strong>ceterum,</strong></span> <span class='ocrx_word' id='word_1_59' title='bbox 1858 1245 1937 1321; x_wconf 90' lang='lat' dir='ltr'><strong>qno</strong></span> <span class='ocrx_word' id='word_1_60' title='bbox 1959 1219 2020 1293; x_wconf 79' lang='lat' dir='ltr'><strong>fu·</strong></span> 
     </span>
     <span class='ocr_line' id='line_1_8' title="bbox 581 1337 2020 1448; baseline -0.001 -30"><span class='ocrx_word' id='word_1_61' title='bbox 581 1370 654 1448; x_wconf 13' lang='lat' dir='ltr'><strong>*ga</strong></span> <span class='ocrx_word' id='word_1_62' title='bbox 676 1359 792 1445; x_wconf 76' lang='lat' dir='ltr'><strong>atque</strong></span> <span class='ocrx_word' id='word_1_63' title='bbox 811 1341 977 1418; x_wconf 82' lang='lat' dir='ltr'><strong>somnido</strong></span> <span class='ocrx_word' id='word_1_64' title='bbox 1005 1340 1120 1414; x_wconf 80' lang='lat' dir='ltr'><strong>latius</strong></span> <span class='ocrx_word' id='word_1_65' title='bbox 1151 1343 1353 1425; x_wconf 68' lang='lat' dir='ltr'><strong>cresceret,</strong></span> <span class='ocrx_word' id='word_1_66' title='bbox 1384 1337 1522 1414; x_wconf 85' lang='lat' dir='ltr'>divorsi</span> <span class='ocrx_word' id='word_1_67' title='bbox 1548 1340 1720 1442; x_wconf 81' lang='lat' dir='ltr'><strong>agebant.</strong></span> <span class='ocrx_word' id='word_1_68' title='bbox 1768 1343 1825 1415; x_wconf 93' lang='lat' dir='ltr'><strong>Eo</strong></span> <span class='ocrx_word' id='word_1_69' title='bbox 1853 1357 2020 1444; x_wconf 81' lang='lat' dir='ltr'><strong>tempora</strong></span> 
     </span>
     <span class='ocr_line' id='line_1_9' title="bbox 608 1461 2023 1570; baseline 0.001 -30"><span class='ocrx_word' id='word_1_70' title='bbox 608 1463 795 1570; x_wconf 78' lang='lat' dir='ltr'><strong>Iugurtha</strong></span> <span class='ocrx_word' id='word_1_71' title='bbox 825 1491 894 1569; x_wconf 86' lang='lat' dir='ltr'><strong>per</strong></span> <span class='ocrx_word' id='word_1_72' title='bbox 924 1461 1032 1539; x_wconf 82' lang='lat' dir='ltr'><strong>collis</strong></span> <span class='ocrx_word' id='word_1_73' title='bbox 1060 1461 1166 1563; x_wconf 85' lang='lat' dir='ltr'><strong>sequi</strong></span> <span class='ocrx_word' id='word_1_74' title='bbox 1193 1493 1203 1533; x_wconf 93' lang='lat'><strong>:</strong></span> <span class='ocrx_word' id='word_1_75' title='bbox 1243 1479 1391 1566; x_wconf 85' lang='lat' dir='ltr'><strong>tempus</strong></span> <span class='ocrx_word' id='word_1_76' title='bbox 1416 1477 1486 1536; x_wconf 89' lang='lat' dir='ltr'><strong>aut</strong></span> <span class='ocrx_word' id='word_1_77' title='bbox 1511 1463 1641 1538; x_wconf 85' lang='lat' dir='ltr'><strong>locum</strong></span> <span class='ocrx_word' id='word_1_78' title='bbox 1663 1488 1804 1568; x_wconf 84' lang='lat' dir='ltr'><strong>pugnae</strong></span> <span class='ocrx_word' id='word_1_79' title='bbox 1831 1485 2023 1566; x_wconf 59' lang='lat' dir='ltr'><strong>quaeant,</strong></span> 
     </span>
     <span class='ocr_line' id='line_1_10' title="bbox 611 1581 2025 1692; baseline 0 -30"><span class='ocrx_word' id='word_1_80' title='bbox 611 1613 691 1692; x_wconf 82' lang='lat' dir='ltr'><strong>qua</strong></span> <span class='ocrx_word' id='word_1_81' title='bbox 720 1601 927 1662; x_wconf 78' lang='lat' dir='ltr'><strong>venturum</strong></span> <span class='ocrx_word' id='word_1_82' title='bbox 956 1583 1106 1661; x_wconf 83' lang='lat' dir='ltr'><strong>hostem</strong></span> <span class='ocrx_word' id='word_1_83' title='bbox 1140 1581 1341 1676; x_wconf 88' lang='lat' dir='ltr'><strong>audierat,</strong></span> <span class='ocrx_word' id='word_1_84' title='bbox 1368 1583 1560 1690; x_wconf 87' lang='lat' dir='ltr'><strong>pabulum</strong></span> <span class='ocrx_word' id='word_1_85' title='bbox 1589 1600 1630 1661; x_wconf 88' lang='lat' dir='ltr'><strong>et</strong></span> <span class='ocrx_word' id='word_1_86' title='bbox 1657 1613 1849 1688; x_wconf 84' lang='lat' dir='ltr'><strong>aquarum</strong></span> <span class='ocrx_word' id='word_1_87' title='bbox 1871 1586 2025 1676; x_wconf 70' lang='lat' dir='ltr'><strong>fantes,</strong></span> 
     </span>
     <span class='ocr_line' id='line_1_11' title="bbox 611 1705 2018 1815; baseline -0.001 -29"><span class='ocrx_word' id='word_1_88' title='bbox 611 1735 780 1814; x_wconf 84' lang='lat' dir='ltr'><strong>quorum</strong></span> <span class='ocrx_word' id='word_1_89' title='bbox 810 1710 971 1815; x_wconf 86' lang='lat' dir='ltr'><strong>penuria</strong></span> <span class='ocrx_word' id='word_1_90' title='bbox 998 1723 1099 1798; x_wconf 86' lang='lat' dir='ltr'><strong>erat,</strong></span> <span class='ocrx_word' id='word_1_91' title='bbox 1119 1733 1363 1811; x_wconf 83' lang='lat' dir='ltr'><strong>eomumpere</strong></span> <span class='ocrx_word' id='word_1_92' title='bbox 1388 1740 1397 1783; x_wconf 76' lang='lat' dir='ltr'><strong>a</strong></span> <span class='ocrx_word' id='word_1_93' title='bbox 1422 1705 1536 1785; x_wconf 88' lang='lat' dir='ltr'><strong>modo</strong></span> <span class='ocrx_word' id='word_1_94' title='bbox 1559 1731 1598 1785; x_wconf 82' lang='lat' dir='ltr'><strong>te</strong></span> <span class='ocrx_word' id='word_1_95' title='bbox 1619 1707 1800 1800; x_wconf 85' lang='lat' dir='ltr'><strong>Metello,</strong></span> <span class='ocrx_word' id='word_1_96' title='bbox 1825 1709 2018 1788; x_wconf 77' lang='lat' dir='ltr'><strong>intendam</strong></span> 
     </span>
     <span class='ocr_line' id='line_1_12' title="bbox 610 1830 2021 1935; baseline -0.001 -27"><span class='ocrx_word' id='word_1_97' title='bbox 610 1833 735 1908; x_wconf 85' lang='lat' dir='ltr'><strong>Mario</strong></span> <span class='ocrx_word' id='word_1_98' title='bbox 756 1833 976 1925; x_wconf 79' lang='lat' dir='ltr'><strong>ostendere3</strong></span> <span class='ocrx_word' id='word_1_99' title='bbox 1002 1847 1209 1935; x_wconf 82' lang='lat' dir='ltr'><strong>postremos</strong></span> <span class='ocrx_word' id='word_1_100' title='bbox 1223 1831 1266 1906; x_wconf 89' lang='lat' dir='ltr'><strong>in</strong></span> <span class='ocrx_word' id='word_1_101' title='bbox 1286 1830 1438 1935; x_wconf 81' lang='lat' dir='ltr'><strong>agmine</strong></span> <span class='ocrx_word' id='word_1_102' title='bbox 1462 1845 1647 1935; x_wconf 83' lang='lat' dir='ltr'><strong>temptare</strong></span> <span class='ocrx_word' id='word_1_103' title='bbox 1665 1858 1712 1907; x_wconf 87' lang='lat' dir='ltr'><strong>ac</strong></span> <span class='ocrx_word' id='word_1_104' title='bbox 1730 1833 1858 1908; x_wconf 82' lang='lat' dir='ltr'><strong>statim</strong></span> <span class='ocrx_word' id='word_1_105' title='bbox 1884 1833 1927 1908; x_wconf 86' lang='lat' dir='ltr'><strong>in</strong></span> <span class='ocrx_word' id='word_1_106' title='bbox 1947 1831 2021 1908; x_wconf 86' lang='lat' dir='ltr'><strong>eol-</strong></span> 
     </span>
     <span class='ocr_line' id='line_1_13' title="bbox 614 1953 2021 2060; baseline -0.001 -29"><span class='ocrx_word' id='word_1_107' title='bbox 614 1956 665 2031; x_wconf 78' lang='lat' dir='ltr'><strong>les</strong></span> <span class='ocrx_word' id='word_1_108' title='bbox 693 1955 859 2059; x_wconf 81' lang='lat' dir='ltr'><strong>regredi;</strong></span> <span class='ocrx_word' id='word_1_109' title='bbox 882 1980 1013 2031; x_wconf 86' lang='lat' dir='ltr'><strong>rursus</strong></span> <span class='ocrx_word' id='word_1_110' title='bbox 1040 1953 1147 2043; x_wconf 88' lang='lat' dir='ltr'><strong>aliis,</strong></span> <span class='ocrx_word' id='word_1_111' title='bbox 1169 1968 1256 2057; x_wconf 86' lang='lat' dir='ltr'><strong>post</strong></span> <span class='ocrx_word' id='word_1_112' title='bbox 1283 1953 1367 2028; x_wconf 81' lang='lat' dir='ltr'><strong>aliia</strong></span> <span class='ocrx_word' id='word_1_113' title='bbox 1400 1953 1596 2030; x_wconf 86' lang='lat' dir='ltr'><strong>minitari:</strong></span> <span class='ocrx_word' id='word_1_114' title='bbox 1623 1982 1751 2058; x_wconf 85' lang='lat' dir='ltr'><strong>neque</strong></span> <span class='ocrx_word' id='word_1_115' title='bbox 1771 1954 1948 2060; x_wconf 82' lang='lat' dir='ltr'><strong>praelium</strong></span> <span class='ocrx_word' id='word_1_116' title='bbox 1967 1955 2021 2030; x_wconf 75' lang='lat' dir='ltr'><strong>ia·</strong></span> 
     </span>
     <span class='ocr_line' id='line_1_14' title="bbox 612 2075 2021 2185; baseline -0.001 -31"><span class='ocrx_word' id='word_1_117' title='bbox 612 2104 717 2167; x_wconf 85' lang='lat' dir='ltr'><strong>cere,</strong></span> <span class='ocrx_word' id='word_1_118' title='bbox 738 2104 864 2180; x_wconf 87' lang='lat' dir='ltr'><strong>neque</strong></span> <span class='ocrx_word' id='word_1_119' title='bbox 887 2077 1009 2152; x_wconf 91' lang='lat' dir='ltr'><strong>otium</strong></span> <span class='ocrx_word' id='word_1_120' title='bbox 1024 2075 1126 2180; x_wconf 89' lang='lat' dir='ltr'><strong>pati;</strong></span> <span class='ocrx_word' id='word_1_121' title='bbox 1149 2077 1417 2155; x_wconf 89' lang='lat' dir='ltr'><strong>tantummodo</strong></span> <span class='ocrx_word' id='word_1_122' title='bbox 1435 2076 1583 2154; x_wconf 82' lang='lat' dir='ltr'><strong>hostem</strong></span> <span class='ocrx_word' id='word_1_123' title='bbox 1608 2078 1659 2153; x_wconf 86' lang='lat' dir='ltr'><strong>ab</strong></span> <span class='ocrx_word' id='word_1_124' title='bbox 1677 2078 1830 2185; x_wconf 85' lang='lat' dir='ltr'><strong>incepto</strong></span> <span class='ocrx_word' id='word_1_125' title='bbox 1850 2079 2021 2154; x_wconf 72' lang='lat' dir='ltr'><strong>retinete.</strong></span> 
     </span>
     <span class='ocr_line' id='line_1_15' title="bbox 570 2198 2021 2305; baseline 0.003 -33"><span class='ocrx_word' id='word_1_126' title='bbox 570 2211 609 2272; x_wconf 76' lang='lat'><strong>56</strong></span> <span class='ocrx_word' id='word_1_127' title='bbox 622 2201 816 2277; x_wconf 83' lang='lat' dir='ltr'><strong>Romanus</strong></span> <span class='ocrx_word' id='word_1_128' title='bbox 842 2199 1051 2303; x_wconf 83' lang='lat' dir='ltr'><strong>imperator</strong></span> <span class='ocrx_word' id='word_1_129' title='bbox 1067 2199 1136 2272; x_wconf 92' lang='lat' dir='ltr'><strong>ubi</strong></span> <span class='ocrx_word' id='word_1_130' title='bbox 1164 2224 1203 2273; x_wconf 81' lang='lat' dir='ltr'><strong>se</strong></span> <span class='ocrx_word' id='word_1_131' title='bbox 1232 2198 1330 2274; x_wconf 87' lang='lat' dir='ltr'><strong>dolis</strong></span> <span class='ocrx_word' id='word_1_132' title='bbox 1363 2199 1514 2305; x_wconf 79' lang='lat' dir='ltr'><strong>fatigari</strong></span> <span class='ocrx_word' id='word_1_133' title='bbox 1537 2201 1660 2292; x_wconf 83' lang='lat' dir='ltr'><strong>videt,</strong></span> <span class='ocrx_word' id='word_1_134' title='bbox 1693 2229 1818 2305; x_wconf 87' lang='lat' dir='ltr'><strong>neque</strong></span> <span class='ocrx_word' id='word_1_135' title='bbox 1841 2203 1891 2278; x_wconf 93' lang='lat' dir='ltr'><strong>ab</strong></span> <span class='ocrx_word' id='word_1_136' title='bbox 1916 2200 2021 2277; x_wconf 81' lang='lat' dir='ltr'><strong>hatte</strong></span> 
     </span>
     <span class='ocr_line' id='line_1_16' title="bbox 612 2321 2020 2430; baseline -0.001 -28"><span class='ocrx_word' id='word_1_137' title='bbox 612 2326 763 2430; x_wconf 87' lang='lat' dir='ltr'><strong>copiam</strong></span> <span class='ocrx_word' id='word_1_138' title='bbox 787 2322 989 2428; x_wconf 84' lang='lat' dir='ltr'><strong>pugnandi</strong></span> <span class='ocrx_word' id='word_1_139' title='bbox 1016 2321 1117 2414; x_wconf 80' lang='lat' dir='ltr'><strong>fieri3</strong></span> <span class='ocrx_word' id='word_1_140' title='bbox 1143 2323 1281 2397; x_wconf 84' lang='lat' dir='ltr'><strong>urbem</strong></span> <span class='ocrx_word' id='word_1_141' title='bbox 1298 2349 1477 2428; x_wconf 76' lang='lat' dir='ltr'><strong>magnam</strong></span> <span class='ocrx_word' id='word_1_142' title='bbox 1492 2339 1531 2399; x_wconf 90' lang='lat' dir='ltr'><strong>et</strong></span> <span class='ocrx_word' id='word_1_143' title='bbox 1561 2324 1603 2400; x_wconf 89' lang='lat' dir='ltr'><strong>in</strong></span> <span class='ocrx_word' id='word_1_144' title='bbox 1631 2351 1674 2400; x_wconf 88' lang='lat' dir='ltr'><strong>ea</strong></span> <span class='ocrx_word' id='word_1_145' title='bbox 1696 2343 1819 2429; x_wconf 87' lang='lat' dir='ltr'><strong>parte,</strong></span> <span class='ocrx_word' id='word_1_146' title='bbox 1847 2353 1926 2428; x_wconf 85' lang='lat' dir='ltr'><strong>qun</strong></span> <span class='ocrx_word' id='word_1_147' title='bbox 1951 2325 2020 2400; x_wconf 76' lang='lat' dir='ltr'><strong>sita</strong></span> 
     </span>
     <span class='ocr_line' id='line_1_17' title="bbox 609 2444 2021 2552; baseline -0.001 -29"><span class='ocrx_word' id='word_1_148' title='bbox 609 2464 707 2538; x_wconf 81' lang='lat' dir='ltr'><strong>erat,</strong></span> <span class='ocrx_word' id='word_1_149' title='bbox 732 2474 859 2522; x_wconf 88' lang='lat' dir='ltr'><strong>arcem</strong></span> <span class='ocrx_word' id='word_1_150' title='bbox 884 2446 1006 2550; x_wconf 83' lang='lat' dir='ltr'><strong>regni,</strong></span> <span class='ocrx_word' id='word_1_151' title='bbox 1030 2445 1188 2520; x_wconf 89' lang='lat' dir='ltr'><strong>nomine</strong></span> <span class='ocrx_word' id='word_1_152' title='bbox 1208 2447 1389 2534; x_wconf 81' lang='lat' dir='ltr'><strong>Zamam,</strong></span> <span class='ocrx_word' id='word_1_153' title='bbox 1411 2444 1547 2520; x_wconf 79' lang='lat' dir='ltr'><strong>statuit</strong></span> <span class='ocrx_word' id='word_1_154' title='bbox 1567 2473 1807 2552; x_wconf 74' lang='lat' dir='ltr'><strong>oppugnare,</strong></span> <span class='ocrx_word' id='word_1_155' title='bbox 1832 2463 1937 2524; x_wconf 77' lang='lat' dir='ltr'><strong>ratus</strong></span> <span class='ocrx_word' id='word_1_156' title='bbox 1962 2447 2021 2536; x_wconf 92' lang='lat' dir='ltr'><strong>id,</strong></span> 
     </span>
     <span class='ocr_line' id='line_1_18' title="bbox 609 2567 2020 2676; baseline -0.001 -30"><span class='ocrx_word' id='word_1_157' title='bbox 609 2571 716 2676; x_wconf 86' lang='lat' dir='ltr'><strong>quod</strong></span> <span class='ocrx_word' id='word_1_158' title='bbox 751 2568 948 2674; x_wconf 82' lang='lat' dir='ltr'><strong>negotium</strong></span> <span class='ocrx_word' id='word_1_159' title='bbox 976 2568 1185 2672; x_wconf 83' lang='lat' dir='ltr'><strong>poscebat,</strong></span> <span class='ocrx_word' id='word_1_160' title='bbox 1214 2567 1443 2672; x_wconf 83' lang='lat' dir='ltr'><strong>Iugurtham</strong></span> <span class='ocrx_word' id='word_1_161' title='bbox 1465 2568 1731 2645; x_wconf 84' lang='lat' dir='ltr'><strong>laborantibus</strong></span> <span class='ocrx_word' id='word_1_162' title='bbox 1767 2571 1844 2645; x_wconf 84' lang='lat' dir='ltr'><strong>suis</strong></span> <span class='ocrx_word' id='word_1_163' title='bbox 1879 2569 2020 2646; x_wconf 76' lang='lat' dir='ltr'><strong>auxilio</strong></span> 
     </span>
     <span class='ocr_line' id='line_1_19' title="bbox 607 2689 2021 2798; baseline -0.002 -28"><span class='ocrx_word' id='word_1_164' title='bbox 607 2711 816 2770; x_wconf 76' lang='lat' dir='ltr'><strong>venturum</strong></span> <span class='ocrx_word' id='word_1_165' title='bbox 846 2691 977 2793; x_wconf 89' lang='lat' dir='ltr'><strong>ibique</strong></span> <span class='ocrx_word' id='word_1_166' title='bbox 1021 2690 1202 2795; x_wconf 76' lang='lat' dir='ltr'><strong>praelium</strong></span> <span class='ocrx_word' id='word_1_167' title='bbox 1233 2689 1322 2764; x_wconf 82' lang='lat' dir='ltr'><strong>fore</strong></span> <span class='ocrx_word' id='word_1_168' title='bbox 1372 2693 1424 2764; x_wconf 88' lang='lat' dir='ltr'><strong>At</strong></span> <span class='ocrx_word' id='word_1_169' title='bbox 1460 2689 1555 2780; x_wconf 86' lang='lat' dir='ltr'><strong>ille,</strong></span> <span class='ocrx_word' id='word_1_170' title='bbox 1586 2719 1672 2796; x_wconf 82' lang='lat' dir='ltr'><strong>quae</strong></span> <span class='ocrx_word' id='word_1_171' title='bbox 1709 2695 2021 2798; x_wconf 87' lang='lat' dir='ltr'><strong>parabantur,a</strong></span> 
     </span>
     <span class='ocr_line' id='line_1_20' title="bbox 614 2812 2022 2923; baseline -0.001 -30"><span class='ocrx_word' id='word_1_172' title='bbox 614 2816 781 2923; x_wconf 79' lang='lat' dir='ltr'><strong>perfugis</strong></span> <span class='ocrx_word' id='word_1_173' title='bbox 805 2815 978 2903; x_wconf 86' lang='lat' dir='ltr'><strong>edoctus,</strong></span> <span class='ocrx_word' id='word_1_174' title='bbox 1008 2813 1156 2916; x_wconf 83' lang='lat' dir='ltr'><strong>magnis</strong></span> <span class='ocrx_word' id='word_1_175' title='bbox 1175 2812 1377 2889; x_wconf 79' lang='lat' dir='ltr'><strong>itineribus</strong></span> <span class='ocrx_word' id='word_1_176' title='bbox 1403 2812 1602 2888; x_wconf 85' lang='lat' dir='ltr'><strong>Metellum</strong></span> <span class='ocrx_word' id='word_1_177' title='bbox 1627 2817 1823 2892; x_wconf 88' lang='lat' dir='ltr'><strong>antevenit</strong></span> <span class='ocrx_word' id='word_1_178' title='bbox 1830 2849 1841 2909; x_wconf 80' lang='lat'>3</span> <span class='ocrx_word' id='word_1_179' title='bbox 1867 2816 2022 2923; x_wconf 87' lang='lat' dir='ltr'><strong>oppida-</strong></span> 
     </span>
     <span class='ocr_line' id='line_1_21' title="bbox 612 2933 2023 3044; baseline 0 -29"><span class='ocrx_word' id='word_1_180' title='bbox 612 2965 681 3015; x_wconf 85' lang='lat' dir='ltr'><strong>nos</strong></span> <span class='ocrx_word' id='word_1_181' title='bbox 707 2937 909 3027; x_wconf 86' lang='lat' dir='ltr'><strong>hortatur,</strong></span> <span class='ocrx_word' id='word_1_182' title='bbox 933 2935 1078 3011; x_wconf 87' lang='lat' dir='ltr'><strong>moenia</strong></span> <span class='ocrx_word' id='word_1_183' title='bbox 1106 2933 1333 3024; x_wconf 84' lang='lat' dir='ltr'><strong>defendant,</strong></span> <span class='ocrx_word' id='word_1_184' title='bbox 1359 2934 1498 3011; x_wconf 83' lang='lat' dir='ltr'><strong>additis</strong></span> <span class='ocrx_word' id='word_1_185' title='bbox 1528 2939 1671 3014; x_wconf 82' lang='lat' dir='ltr'><strong>auxilio</strong></span> <span class='ocrx_word' id='word_1_186' title='bbox 1709 2937 1876 3044; x_wconf 81' lang='lat' dir='ltr'><strong>perfugis</strong></span> <span class='ocrx_word' id='word_1_187' title='bbox 1887 2973 1899 3034; x_wconf 79' lang='lat'>3</span> <span class='ocrx_word' id='word_1_188' title='bbox 1919 2939 2023 3043; x_wconf 85' lang='lat' dir='ltr'><strong>quod</strong></span> 
     </span>
     <span class='ocr_line' id='line_1_22' title="bbox 612 3055 2024 3168; baseline -0.001 -30"><span class='ocrx_word' id='word_1_189' title='bbox 612 3087 730 3168; x_wconf 82' lang='lat' dir='ltr'><strong>genus</strong></span> <span class='ocrx_word' id='word_1_190' title='bbox 760 3088 807 3137; x_wconf 86' lang='lat' dir='ltr'><strong>ex</strong></span> <span class='ocrx_word' id='word_1_191' title='bbox 835 3059 954 3164; x_wconf 86' lang='lat' dir='ltr'><strong>copiis</strong></span> <span class='ocrx_word' id='word_1_192' title='bbox 979 3055 1097 3162; x_wconf 79' lang='lat' dir='ltr'><strong>tegis,</strong></span> <span class='ocrx_word' id='word_1_193' title='bbox 1127 3057 1219 3161; x_wconf 86' lang='lat' dir='ltr'><strong>quia</strong></span> <span class='ocrx_word' id='word_1_194' title='bbox 1249 3057 1383 3134; x_wconf 87' lang='lat' dir='ltr'><strong>fallere</strong></span> <span class='ocrx_word' id='word_1_195' title='bbox 1406 3059 1613 3162; x_wconf 89' lang='lat' dir='ltr'><strong>nequibat,</strong></span> <span class='ocrx_word' id='word_1_196' title='bbox 1639 3061 1911 3139; x_wconf 87' lang='lat' dir='ltr'><strong>[innissumum</strong></span> <span class='ocrx_word' id='word_1_197' title='bbox 1935 3079 2024 3138; x_wconf 85' lang='lat' dir='ltr'><strong>erat</strong></span> 
     </span>
     <span class='ocr_line' id='line_1_23' title="bbox 612 3181 2023 3289; baseline -0.001 -28"><span class='ocrx_word' id='word_1_198' title='bbox 612 3187 794 3261; x_wconf 86' lang='lat' dir='ltr'><strong>Praeterea</strong></span> <span class='ocrx_word' id='word_1_199' title='bbox 811 3183 1018 3289; x_wconf 87' lang='lat' dir='ltr'><strong>pollicetur</strong></span> <span class='ocrx_word' id='word_1_200' title='bbox 1033 3181 1076 3257; x_wconf 89' lang='lat' dir='ltr'><strong>in</strong></span> <span class='ocrx_word' id='word_1_201' title='bbox 1105 3196 1274 3286; x_wconf 87' lang='lat' dir='ltr'><strong>tempore</strong></span> <span class='ocrx_word' id='word_1_202' title='bbox 1306 3197 1423 3259; x_wconf 82' lang='lat' dir='ltr'><strong>semet</strong></span> <span class='ocrx_word' id='word_1_203' title='bbox 1461 3211 1552 3260; x_wconf 89' lang='lat' dir='ltr'><strong>cum</strong></span> <span class='ocrx_word' id='word_1_204' title='bbox 1584 3186 1753 3262; x_wconf 80' lang='lat' dir='ltr'><strong>exercitu</strong></span> <span class='ocrx_word' id='word_1_205' title='bbox 1777 3185 1917 3264; x_wconf 71' lang='lat' dir='ltr'><strong>adsue</strong></span> <span class='ocrx_word' id='word_1_206' title='bbox 1966 3189 2023 3260; x_wconf 87' lang='lat' dir='ltr'><strong>Ita</strong></span> 
     </span>
    </p>
   </div>
   <div class='ocr_carea' id='block_1_3' title="bbox 612 3378 2025 3773">
    <p class='ocr_par' dir='ltr' id='par_1_3' title="bbox 612 3378 2025 3773">
     <span class='ocr_line' id='line_1_24' title="bbox 612 3378 2024 3465; baseline 0.001 -24"><span class='ocrx_word' id='word_1_207' title='bbox 612 3381 697 3442; x_wconf 75' lang='lat' dir='ltr'><strong>Rem.</strong></span> <span class='ocrx_word' id='word_1_208' title='bbox 710 3401 739 3444; x_wconf 77' lang='lat' dir='ltr'><strong>a.</strong></span> <span class='ocrx_word' id='word_1_209' title='bbox 769 3380 866 3442; x_wconf 78' lang='lat' dir='ltr'><strong>Guelf.</strong></span> <span class='ocrx_word' id='word_1_210' title='bbox 879 3381 908 3452; x_wconf 65' lang='lat' dir='ltr'><strong>A.</strong></span> <span class='ocrx_word' id='word_1_211' title='bbox 938 3379 1063 3441; x_wconf 78' lang='lat' dir='ltr'><strong>Bern.3.</strong></span> <span class='ocrx_word' id='word_1_212' title='bbox 1084 3378 1198 3440; x_wconf 82' lang='lat' dir='ltr'><strong>clarior</strong></span> <span class='ocrx_word' id='word_1_213' title='bbox 1211 3380 1419 3442; x_wconf 72' lang='lat' dir='ltr'><strong>erat-anxiata</strong></span> <span class='ocrx_word' id='word_1_214' title='bbox 1437 3391 1513 3442; x_wconf 81' lang='lat' dir='ltr'><strong>erat.</strong></span> <span class='ocrx_word' id='word_1_215' title='bbox 1539 3393 1604 3444; x_wconf 82' lang='lat' dir='ltr'><strong>erat</strong></span> <span class='ocrx_word' id='word_1_216' title='bbox 1623 3385 1782 3465; x_wconf 81' lang='lat' dir='ltr'><strong>posteriore</strong></span> <span class='ocrx_word' id='word_1_217' title='bbox 1795 3389 1863 3445; x_wconf 86' lang='lat' dir='ltr'><strong>loeo</strong></span> <span class='ocrx_word' id='word_1_218' title='bbox 1881 3383 2024 3444; x_wconf 87' lang='lat' dir='ltr'><strong>omittunt</strong></span> 
     </span>
     <span class='ocr_line' id='line_1_25' title="bbox 613 3483 2023 3572; baseline 0.001 -26"><span class='ocrx_word' id='word_1_219' title='bbox 613 3483 697 3546; x_wconf 66' lang='lat' dir='ltr'><strong>fabr.</strong></span> <span class='ocrx_word' id='word_1_220' title='bbox 717 3485 815 3564; x_wconf 85' lang='lat' dir='ltr'><strong>priore</strong></span> <span class='ocrx_word' id='word_1_221' title='bbox 829 3506 891 3545; x_wconf 89' lang='lat' dir='ltr'><strong>om.</strong></span> <span class='ocrx_word' id='word_1_222' title='bbox 909 3485 994 3543; x_wconf 83' lang='lat' dir='ltr'><strong>Grut.</strong></span> <span class='ocrx_word' id='word_1_223' title='bbox 1014 3485 1106 3545; x_wconf 80' lang='lat' dir='ltr'><strong>Wasa.</strong></span> <span class='ocrx_word' id='word_1_224' title='bbox 1118 3485 1239 3545; x_wconf 77' lang='lat' dir='ltr'><strong>Havete.</strong></span> <span class='ocrx_word' id='word_1_225' title='bbox 1260 3485 1342 3545; x_wconf 82' lang='lat' dir='ltr'><strong>Laid.</strong></span> <span class='ocrx_word' id='word_1_226' title='bbox 1355 3507 1382 3545; x_wconf 85' lang='lat' dir='ltr'><strong>a.</strong></span> <span class='ocrx_word' id='word_1_227' title='bbox 1398 3483 1430 3545; x_wconf 91' lang='lat' dir='ltr'><strong>b.</strong></span> <span class='ocrx_word' id='word_1_228' title='bbox 1447 3507 1473 3547; x_wconf 84' lang='lat' dir='ltr'><strong>c.</strong></span> <span class='ocrx_word' id='word_1_229' title='bbox 1492 3486 1521 3545; x_wconf 93' lang='lat' dir='ltr'><strong>d.</strong></span> <span class='ocrx_word' id='word_1_230' title='bbox 1539 3509 1564 3548; x_wconf 86' lang='lat' dir='ltr'><strong>e.</strong></span> <span class='ocrx_word' id='word_1_231' title='bbox 1580 3489 1600 3547; x_wconf 79' lang='lat' dir='ltr'><strong>f.</strong></span> <span class='ocrx_word' id='word_1_232' title='bbox 1619 3509 1647 3572; x_wconf 84' lang='lat' dir='ltr'><strong>g.</strong></span> <span class='ocrx_word' id='word_1_233' title='bbox 1663 3487 1695 3548; x_wconf 91' lang='lat' dir='ltr'><strong>b.</strong></span> <span class='ocrx_word' id='word_1_234' title='bbox 1713 3489 1742 3548; x_wconf 83' lang='lat' dir='ltr'><strong>k.</strong></span> <span class='ocrx_word' id='word_1_235' title='bbox 1762 3487 1887 3548; x_wconf 72' lang='lat' dir='ltr'><strong>Berub.</strong></span> <span class='ocrx_word' id='word_1_236' title='bbox 1908 3486 2023 3548; x_wconf 67' lang='lat' dir='ltr'><strong>animus</strong></span> 
     </span>
     <span class='ocr_line' id='line_1_26' title="bbox 613 3586 2022 3674; baseline 0.001 -26"><span class='ocrx_word' id='word_1_237' title='bbox 613 3586 721 3648; x_wconf 63' lang='lat' dir='ltr'><strong>ansata</strong></span> <span class='ocrx_word' id='word_1_238' title='bbox 739 3587 808 3646; x_wconf 87' lang='lat' dir='ltr'><strong>Naz.</strong></span> <span class='ocrx_word' id='word_1_239' title='bbox 830 3587 977 3648; x_wconf 86' lang='lat' dir='ltr'><strong>Commel.</strong></span> <span class='ocrx_word' id='word_1_240' title='bbox 998 3587 1087 3646; x_wconf 86' lang='lat' dir='ltr'><strong>Palat.</strong></span> <span class='ocrx_word' id='word_1_241' title='bbox 1100 3607 1128 3646; x_wconf 81' lang='lat' dir='ltr'><strong>a.</strong></span> <span class='ocrx_word' id='word_1_242' title='bbox 1150 3586 1249 3648; x_wconf 86' lang='lat' dir='ltr'><strong>Pemb.</strong></span> <span class='ocrx_word' id='word_1_243' title='bbox 1266 3587 1379 3649; x_wconf 80' lang='lat' dir='ltr'><strong>Arond.</strong></span> <span class='ocrx_word' id='word_1_244' title='bbox 1399 3589 1471 3673; x_wconf 76' lang='lat' dir='ltr'><strong>fleg.</strong></span> <span class='ocrx_word' id='word_1_245' title='bbox 1501 3591 1593 3657; x_wconf 73' lang='lat' dir='ltr'><strong>Mart.</strong></span> <span class='ocrx_word' id='word_1_246' title='bbox 1603 3605 1633 3657; x_wconf 82' lang='grc' dir='ltr'><strong>Γ.</strong></span> <span class='ocrx_word' id='word_1_247' title='bbox 1649 3604 1684 3657; x_wconf 86' lang='grc' dir='ltr'><strong>Λ.</strong></span> <span class='ocrx_word' id='word_1_248' title='bbox 1706 3595 1820 3674; x_wconf 84' lang='lat' dir='ltr'><strong>atiquot</strong></span> <span class='ocrx_word' id='word_1_249' title='bbox 1830 3591 1943 3654; x_wconf 78' lang='lat' dir='ltr'><strong>Waetii.</strong></span> <span class='ocrx_word' id='word_1_250' title='bbox 1972 3591 2022 3652; x_wconf 72' lang='lat' dir='ltr'><strong>Aa.</strong></span> 
     </span>
     <span class='ocr_line' id='line_1_27' title="bbox 612 3689 2025 3773; baseline 0.001 -20"><span class='ocrx_word' id='word_1_251' title='bbox 612 3693 710 3754; x_wconf 70' lang='lat' dir='ltr'><strong>Sonat.</strong></span> <span class='ocrx_word' id='word_1_252' title='bbox 724 3713 750 3751; x_wconf 89' lang='lat'><strong>1.</strong></span> <span class='ocrx_word' id='word_1_253' title='bbox 772 3690 869 3750; x_wconf 77' lang='lat' dir='ltr'><strong>Gaels.</strong></span> <span class='ocrx_word' id='word_1_254' title='bbox 885 3714 909 3751; x_wconf 84' lang='grc' dir='ltr'><strong>ι.</strong></span> <span class='ocrx_word' id='word_1_255' title='bbox 923 3713 967 3772; x_wconf 86' lang='grc'><strong>9.·</strong></span> <span class='ocrx_word' id='word_1_256' title='bbox 984 3709 1040 3768; x_wconf 81' lang='lat' dir='ltr'><strong>quo</strong></span> <span class='ocrx_word' id='word_1_257' title='bbox 1058 3689 1170 3751; x_wconf 81' lang='lat' dir='ltr'><strong>clarior</strong></span> <span class='ocrx_word' id='word_1_258' title='bbox 1185 3699 1214 3750; x_wconf 84' lang='lat' dir='ltr'><strong>et</strong></span> <span class='ocrx_word' id='word_1_259' title='bbox 1232 3692 1326 3773; x_wconf 71' lang='lat' dir='ltr'><strong>mugit</strong></span> <span class='ocrx_word' id='word_1_260' title='bbox 1344 3694 1529 3755; x_wconf 76' lang='lat' dir='ltr'><strong>aneiuaerat</strong></span> <span class='ocrx_word' id='word_1_261' title='bbox 1558 3697 1644 3756; x_wconf 88' lang='lat' dir='ltr'><strong>Bem.</strong></span> <span class='ocrx_word' id='word_1_262' title='bbox 1662 3718 1687 3755; x_wconf 88' lang='lat'><strong>1.</strong></span> <span class='ocrx_word' id='word_1_263' title='bbox 1717 3696 1814 3756; x_wconf 83' lang='lat' dir='ltr'><strong>animi</strong></span> <span class='ocrx_word' id='word_1_264' title='bbox 1826 3695 1935 3756; x_wconf 68' lang='lat' dir='ltr'><strong>anaim</strong></span> <span class='ocrx_word' id='word_1_265' title='bbox 1953 3693 2025 3754; x_wconf 68' lang='lat' dir='ltr'><strong>Cart</strong></span> 
     </span>
    </p>
   </div>
   <div class='ocr_carea' id='block_1_4' title="bbox 611 3793 2023 3982">
    <p class='ocr_par' dir='ltr' id='par_1_4' title="bbox 611 3793 2023 3982">
     <span class='ocr_line' id='line_1_28' title="bbox 612 3793 2023 3884; baseline 0 -24"><span class='ocrx_word' id='word_1_266' title='bbox 612 3799 728 3860; x_wconf 65' lang='lat' dir='ltr'><strong>arumna</strong></span> <span class='ocrx_word' id='word_1_267' title='bbox 741 3795 800 3856; x_wconf 79' lang='lat' dir='ltr'><strong>aius</strong></span> <span class='ocrx_word' id='word_1_268' title='bbox 820 3796 882 3860; x_wconf 81' lang='lat' dir='ltr'><strong>Bas.</strong></span> <span class='ocrx_word' id='word_1_269' title='bbox 895 3795 924 3866; x_wconf 68' lang='lat' dir='ltr'><strong>i.</strong></span> <span class='ocrx_word' id='word_1_270' title='bbox 946 3795 1039 3873; x_wconf 76' lang='lat' dir='ltr'><strong>magis</strong></span> <span class='ocrx_word' id='word_1_271' title='bbox 1056 3793 1218 3856; x_wconf 71' lang='lat' dir='ltr'><strong>animosior</strong></span> <span class='ocrx_word' id='word_1_272' title='bbox 1233 3806 1296 3856; x_wconf 78' lang='lat' dir='ltr'><strong>erat</strong></span> <span class='ocrx_word' id='word_1_273' title='bbox 1315 3796 1385 3858; x_wconf 86' lang='lat' dir='ltr'><strong>Tur.</strong></span> <span class='ocrx_word' id='word_1_274' title='bbox 1405 3821 1446 3859; x_wconf 88' lang='lat' dir='ltr'><strong>m.</strong></span> <span class='ocrx_word' id='word_1_275' title='bbox 1459 3821 1507 3881; x_wconf 81' lang='lat' dir='ltr'><strong>pt.</strong></span> <span class='ocrx_word' id='word_1_276' title='bbox 1528 3800 1612 3863; x_wconf 85' lang='lat' dir='ltr'><strong>Fabr.</strong></span> <span class='ocrx_word' id='word_1_277' title='bbox 1627 3823 1653 3868; x_wconf 82' lang='grc' dir='ltr'><strong>ι.</strong></span> <span class='ocrx_word' id='word_1_278' title='bbox 1674 3823 1716 3867; x_wconf 79' lang='lat' dir='ltr'><strong>na.</strong></span> <span class='ocrx_word' id='word_1_279' title='bbox 1727 3821 1773 3884; x_wconf 83' lang='lat' dir='ltr'><strong>pr.</strong></span> <span class='ocrx_word' id='word_1_280' title='bbox 1802 3808 1942 3862; x_wconf 74' lang='lat' dir='ltr'><strong>creseere!</strong></span> <span class='ocrx_word' id='word_1_281' title='bbox 1960 3797 2023 3860; x_wconf 74' lang='lat' dir='ltr'><strong>Ha·</strong></span> 
     </span>
     <span class='ocr_line' id='line_1_29' title="bbox 611 3897 1461 3982; baseline -0.007 -14"><span class='ocrx_word' id='word_1_282' title='bbox 611 3925 688 3968; x_wconf 76' lang='lat' dir='ltr'><strong>vtrc·</strong></span> <span class='ocrx_word' id='word_1_283' title='bbox 708 3903 815 3976; x_wconf 85' lang='lat' dir='ltr'><strong>edidit,</strong></span> <span class='ocrx_word' id='word_1_284' title='bbox 836 3902 876 3958; x_wconf 86' lang='lat' dir='ltr'><strong>ita</strong></span> <span class='ocrx_word' id='word_1_285' title='bbox 889 3919 991 3958; x_wconf 84' lang='lat' dir='ltr'><strong>omnes</strong></span> <span class='ocrx_word' id='word_1_286' title='bbox 1004 3899 1090 3958; x_wconf 79' lang='lat' dir='ltr'><strong>Paria.</strong></span> <span class='ocrx_word' id='word_1_287' title='bbox 1109 3897 1182 3982; x_wconf 77' lang='lat' dir='ltr'><strong>Teg,</strong></span> <span class='ocrx_word' id='word_1_288' title='bbox 1198 3911 1358 3962; x_wconf 71' lang='lat' dir='ltr'><strong>crescerent</strong></span> <span class='ocrx_word' id='word_1_289' title='bbox 1379 3901 1461 3970; x_wconf 76' lang='lat' dir='ltr'><strong>Cart.</strong></span> 
     </span>
    </p>
   </div>
   <div class='ocr_carea' id='block_1_5' title="bbox 697 4026 2027 4114">
    <p class='ocr_par' dir='ltr' id='par_1_5' title="bbox 697 4026 2027 4114">
     <span class='ocr_line' id='line_1_30' title="bbox 697 4026 2027 4114; baseline -0.001 -22"><span class='ocrx_word' id='word_1_290' title='bbox 697 4030 771 4113; x_wconf 77' lang='lat' dir='ltr'><strong>Cap.</strong></span> <span class='ocrx_word' id='word_1_291' title='bbox 786 4031 834 4092; x_wconf 87' lang='grc'><strong>56.</strong></span> <span class='ocrx_word' id='word_1_292' title='bbox 855 4026 916 4090; x_wconf 87' lang='lat' dir='ltr'><strong>dol.</strong></span> <span class='ocrx_word' id='word_1_293' title='bbox 928 4027 1096 4107; x_wconf 75' lang='lat' dir='ltr'><strong>fatigatum</strong></span> <span class='ocrx_word' id='word_1_294' title='bbox 1116 4029 1294 4090; x_wconf 72' lang='lat' dir='ltr'><strong>multileid.</strong></span> <span class='ocrx_word' id='word_1_295' title='bbox 1314 4030 1401 4092; x_wconf 77' lang='lat' dir='ltr'><strong>addit</strong></span> <span class='ocrx_word' id='word_1_296' title='bbox 1419 4031 1466 4093; x_wconf 77' lang='lat' dir='ltr'><strong>his</strong></span> <span class='ocrx_word' id='word_1_297' title='bbox 1480 4054 1551 4094; x_wconf 80' lang='lat' dir='ltr'><strong>aaa.</strong></span> <span class='ocrx_word' id='word_1_298' title='bbox 1563 4037 1705 4114; x_wconf 55' lang='lat' dir='ltr'><strong>panfugaa</strong></span> <span class='ocrx_word' id='word_1_299' title='bbox 1724 4033 1792 4096; x_wconf 82' lang='lat' dir='ltr'><strong>vin.</strong></span> <span class='ocrx_word' id='word_1_300' title='bbox 1806 4054 1833 4094; x_wconf 82' lang='lat' dir='ltr'><strong>a.</strong></span> <span class='ocrx_word' id='word_1_301' title='bbox 1854 4051 1931 4094; x_wconf 81' lang='lat' dir='ltr'><strong>unna</strong></span> <span class='ocrx_word' id='word_1_302' title='bbox 1939 4029 2027 4094; x_wconf 68' lang='lat' dir='ltr'><strong>nivii.</strong></span> 
     </span>
    </p>
   </div>
   <div class='ocr_carea' id='block_1_6' title="bbox 615 4119 2025 4322">
    <p class='ocr_par' dir='ltr' id='par_1_6' title="bbox 615 4119 2025 4322">
     <span class='ocr_line' id='line_1_31' title="bbox 615 4119 2025 4222; baseline 0.001 -28"><span class='ocrx_word' id='word_1_303' title='bbox 615 4135 717 4214; x_wconf 83' lang='lat' dir='ltr'><strong>(aedis</strong></span> <span class='ocrx_word' id='word_1_304' title='bbox 734 4156 822 4216; x_wconf 85' lang='lat' dir='ltr'><strong>pron.</strong></span> <span class='ocrx_word' id='word_1_305' title='bbox 838 4133 917 4214; x_wconf 86' lang='lat' dir='ltr'><strong>om.)</strong></span> <span class='ocrx_word' id='word_1_306' title='bbox 936 4153 969 4192; x_wconf 82' lang='lat' dir='ltr'><strong>eo</strong></span> <span class='ocrx_word' id='word_1_307' title='bbox 983 4135 1063 4212; x_wconf 80' lang='lat' dir='ltr'><strong>quod</strong></span> <span class='ocrx_word' id='word_1_308' title='bbox 1072 4132 1184 4210; x_wconf 79' lang='lat' dir='ltr'><strong>saliere</strong></span> <span class='ocrx_word' id='word_1_309' title='bbox 1202 4132 1273 4218; x_wconf 80' lang='lat' dir='ltr'><strong>Teg.</strong></span> <span class='ocrx_word' id='word_1_310' title='bbox 1294 4136 1452 4214; x_wconf 81' lang='lat' dir='ltr'><strong>nequibant</strong></span> <span class='ocrx_word' id='word_1_311' title='bbox 1470 4139 1567 4198; x_wconf 86' lang='lat' dir='ltr'><strong>Guelf.</strong></span> <span class='ocrx_word' id='word_1_312' title='bbox 1581 4119 1611 4199; x_wconf 54' lang='lat' dir='ltr'><strong>a:</strong></span> <span class='ocrx_word' id='word_1_313' title='bbox 1628 4140 1690 4204; x_wconf 79' lang='lat' dir='ltr'><strong>Bas.</strong></span> <span class='ocrx_word' id='word_1_314' title='bbox 1703 4160 1730 4200; x_wconf 81' lang='lat' dir='ltr'><strong>a.</strong></span> <span class='ocrx_word' id='word_1_315' title='bbox 1742 4161 1782 4204; x_wconf 82' lang='lat' dir='ltr'><strong>m.</strong></span> <span class='ocrx_word' id='word_1_316' title='bbox 1793 4159 1839 4222; x_wconf 87' lang='lat' dir='ltr'><strong>pr.</strong></span> <span class='ocrx_word' id='word_1_317' title='bbox 1849 4141 1938 4214; x_wconf 73' lang='lat' dir='ltr'><strong>firm.</strong></span> <span class='ocrx_word' id='word_1_318' title='bbox 1952 4144 2025 4198; x_wconf 61' lang='lat' dir='ltr'><strong>erat</strong></span> 
     </span>
     <span class='ocr_line' id='line_1_32' title="bbox 616 4237 2024 4322; baseline -0.001 -23"><span class='ocrx_word' id='word_1_319' title='bbox 616 4248 681 4299; x_wconf 72' lang='lat' dir='ltr'><strong>erat</strong></span> <span class='ocrx_word' id='word_1_320' title='bbox 694 4259 755 4297; x_wconf 87' lang='lat' dir='ltr'><strong>om.</strong></span> <span class='ocrx_word' id='word_1_321' title='bbox 775 4241 877 4299; x_wconf 73' lang='lat' dir='ltr'><strong>ineest.</strong></span> <span class='ocrx_word' id='word_1_322' title='bbox 890 4258 916 4303; x_wconf 83' lang='lat' dir='ltr'><strong>a.</strong></span> <span class='ocrx_word' id='word_1_323' title='bbox 946 4248 1033 4298; x_wconf 78' lang='lat' dir='ltr'><strong>temet</strong></span> <span class='ocrx_word' id='word_1_324' title='bbox 1054 4258 1114 4297; x_wconf 89' lang='lat' dir='ltr'><strong>om.</strong></span> <span class='ocrx_word' id='word_1_325' title='bbox 1136 4237 1232 4298; x_wconf 82' lang='lat' dir='ltr'><strong>Guetr.</strong></span> <span class='ocrx_word' id='word_1_326' title='bbox 1246 4260 1272 4299; x_wconf 84' lang='grc' dir='ltr'><strong>ι.</strong></span> <span class='ocrx_word' id='word_1_327' title='bbox 1292 4251 1380 4300; x_wconf 75' lang='lat' dir='ltr'><strong>semet</strong></span> <span class='ocrx_word' id='word_1_328' title='bbox 1397 4241 1489 4322; x_wconf 77' lang='lat' dir='ltr'><strong>ipsum</strong></span> <span class='ocrx_word' id='word_1_329' title='bbox 1518 4243 1616 4304; x_wconf 81' lang='lat' dir='ltr'><strong>Guels.</strong></span> <span class='ocrx_word' id='word_1_330' title='bbox 1630 4266 1676 4309; x_wconf 88' lang='grc' dir='ltr'><strong>ιο.</strong></span> <span class='ocrx_word' id='word_1_331' title='bbox 1696 4245 1792 4303; x_wconf 87' lang='lat' dir='ltr'><strong>Senat.</strong></span> <span class='ocrx_word' id='word_1_332' title='bbox 1806 4265 1831 4302; x_wconf 81' lang='lat' dir='ltr'><strong>a.</strong></span> <span class='ocrx_word' id='word_1_333' title='bbox 1852 4239 1938 4322; x_wconf 77' lang='lat' dir='ltr'><strong>Bam.</strong></span> <span class='ocrx_word' id='word_1_334' title='bbox 1953 4261 1979 4306; x_wconf 87' lang='grc' dir='ltr'><strong>ι.</strong></span> <span class='ocrx_word' id='word_1_335' title='bbox 1993 4237 2024 4299; x_wconf 78' lang='lat'><strong>3.</strong></span> 
     </span>
    </p>
   </div>
   <div class='ocr_carea' id='block_1_7' title="bbox 614 4338 2020 4430">
    <p class='ocr_par' dir='ltr' id='par_1_7' title="bbox 614 4338 2020 4430">
     <span class='ocr_line' id='line_1_33' title="bbox 614 4338 2020 4430; baseline 0.001 -26"><span class='ocrx_word' id='word_1_336' title='bbox 614 4342 874 4424; x_wconf 66' lang='lat' dir='ltr'><strong>itaque-daieeasit</strong></span> <span class='ocrx_word' id='word_1_337' title='bbox 894 4343 990 4426; x_wconf 77' lang='lat' dir='ltr'><strong>Guelf.</strong></span> <span class='ocrx_word' id='word_1_338' title='bbox 1003 4363 1031 4405; x_wconf 85' lang='lat'><strong>2.</strong></span> <span class='ocrx_word' id='word_1_339' title='bbox 1051 4338 1181 4404; x_wconf 71' lang='lat' dir='ltr'><strong>discessit</strong></span> <span class='ocrx_word' id='word_1_340' title='bbox 1198 4345 1287 4406; x_wconf 81' lang='lat' dir='ltr'><strong>etiam</strong></span> <span class='ocrx_word' id='word_1_341' title='bbox 1299 4344 1370 4406; x_wconf 84' lang='lat' dir='ltr'><strong>Tur.</strong></span> <span class='ocrx_word' id='word_1_342' title='bbox 1389 4365 1427 4408; x_wconf 84' lang='lat' dir='ltr'><strong>ae</strong></span> <span class='ocrx_word' id='word_1_343' title='bbox 1439 4357 1506 4430; x_wconf 78' lang='lat' dir='ltr'><strong>post</strong></span> <span class='ocrx_word' id='word_1_344' title='bbox 1515 4348 1618 4429; x_wconf 82' lang='lat' dir='ltr'><strong>paullo</strong></span> <span class='ocrx_word' id='word_1_345' title='bbox 1644 4347 1731 4408; x_wconf 75' lang='lat' dir='ltr'><strong>Fabr-</strong></span> <span class='ocrx_word' id='word_1_346' title='bbox 1750 4348 1851 4414; x_wconf 72' lang='lat' dir='ltr'><strong>vinu.</strong></span> <span class='ocrx_word' id='word_1_347' title='bbox 1870 4347 1933 4411; x_wconf 71' lang='lat' dir='ltr'><strong>ina.</strong></span> <span class='ocrx_word' id='word_1_348' title='bbox 1947 4344 2020 4405; x_wconf 71' lang='lat' dir='ltr'><strong>sm.</strong></span> 
     </span>
    </p>
   </div>
   <div class='ocr_carea' id='block_1_8' title="bbox 0 0 2295 5316">
    <p class='ocr_par' dir='ltr' id='par_1_8' title="bbox 0 0 2295 5316">
     <span class='ocr_line' id='line_1_34' title="bbox 0 0 2295 5316; baseline 0 0"><span class='ocrx_word' id='word_1_349' title='bbox 0 0 2295 5316; x_wconf 95' lang='lat' dir='ltr'><strong> </strong></span> 
     </span>
    </p>
   </div>
  </div>
 </body>
</html>
