4560 5338
604 427 689 478 xm

603 581 750 656 librum
778 579 967 656 intactum
988 580 1163 658 omittere
1184 595 1380 685 poteram¹
1400 577 1464 654 sed
1485 575 1560 653 hoc
1581 591 1682 652 certe
1697 575 1732 650 ei
1752 569 2012 660 tribuendum,

603 704 710 808 quod
725 704 860 808 saepius
883 703 933 780 ab
959 704 1044 782 aliis
1064 722 1119 782 est
1137 705 1351 782 monitum:
1378 701 1603 807 corruptelae
1623 723 1752 776 causas
1768 721 2010 804 cognoscere,

603 853 720 930 quiem
735 826 983 908 librariorum
1001 845 1155 933 peccata
1177 845 1312 906 notare
1334 855 1413 904 non
1438 827 1571 931 pigeat

682 953 890 1028 Turicensis
906 955 960 1028 II.
987 952 1160 1030 Chartae
1181 953 1282 1029 foliis
1307 951 1497 1038 maximis,
1524 950 1605 1024 sine
1625 948 1753 1036 titulo,
1775 944 1913 1022 saecsrlo
1926 943 2008 1016 XV.

600 1075 765 1180 scriptus
786 1091 848 1152 est
873 1077 933 1152 Ab
954 1078 1066 1154 initio
1088 1077 1221 1154 multae
1240 1078 1367 1184 glossa
1386 1092 1503 1178 atquc
1516 1075 1629 1150 variae
1644 1073 1824 1148 lectiones
1843 1068 2010 1170 adscrip-

603 1216 651 1276 tae
670 1216 769 1276 sunt
813 1200 938 1276 Multa
954 1227 1126 1305 perverse
1149 1217 1301 1277 exarata
1311 1239 1324 1290 ,1
1346 1199 1453 1303 quod
1470 1199 1594 1274 scriba
1617 1197 1760 1272 dictata
1775 1194 1876 1270 male
1894 1190 2006 1267 intel-

599 1323 723 1417 lexit3
756 1351 873 1426 quam
907 1323 1188 1428 depravationis
1225 1349 1377 1402 causam
1408 1323 1653 1427 nuperrimus
1680 1317 1856 1422 Aeschyli
1885 1315 2008 1392 editor

599 1447 771 1550 primum
794 1449 980 1526 invenisse
998 1449 1072 1525 sibi
1088 1449 1188 1526 visus
1208 1465 1272 1526 est
1308 1447 1381 1524 Sed
1402 1447 1434 1522 si
1454 1446 1690 1549 ascriptum!
1706 1443 1854 1519 mendis
1873 1441 2005 1515 disces·

597 1571 704 1660 seris,
725 1570 825 1650 liber
848 1573 1006 1648 nonita
1031 1588 1235 1675 corruptus
1261 1586 1324 1646 est
1366 1570 1446 1644 Sub
1468 1567 1585 1642 finem
1606 1565 1689 1642 haec
1711 1566 1916 1671 leguntur:
1942 1565 2006 1635 Fi-

595 1701 676 1770 nita
697 1715 754 1774 est
776 1699 863 1773 baec
889 1699 1044 1770 historia
1065 1695 1127 1770 die
1148 1699 1238 1768 iovis
1260 1694 1459 1793 aregariae?
1567 1695 1663 1773 bora
1682 1696 1789 1795 quusi
1809 1707 1920 1766 sexta
1937 1713 2003 1760 mr-
2059 1699 2062 1706 '

596 1845 648 1893 no
678 1819 821 1898 ἀοηιὶηἰ
860 1823 965 1914 1493.
992 1845 1062 1917 per
1098 1843 1155 1910 ure
1185 1815 1313 1892 Adam
1343 1816 1469 1892 Moses
1495 1815 1676 1915 Lrusrgus.
1725 1816 1759 1888 A
1788 1809 2002 1916 discipulo,

596 1941 728 2030 credo,
755 1943 796 2016 in
817 1939 955 2018 scholis
974 1941 1139 2044 publicis
1162 1957 1336 2018 exaratus
1364 1955 1426 2018 ert
1479 1941 1656 2016 Ceterum
1669 1941 1745 2014 bas
1758 1940 1804 2012 IL
1817 1937 1882 2010 ΠΙ.
1907 1936 1997 2009 Tur.

592 2067 643 2142 11.
665 2066 790 2142 solum
806 2065 1016 2142 Catilinam
1032 2065 1242 2141 continent
1292 2063 1448 2141 Accedit
1468 2063 1557 2140 Cod.
1571 2062 1664 2140 Bibl.
1681 2062 1788 2138 Publ.
1810 2060 2003 2136 basilecas.

590 2187 656 2286 (F.
684 2199 713 2268 1.
732 2193 804 2285 ια.)
844 2187 972 2268 Chart
999 2190 1068 2294 qui
1099 2217 1189 2266 cum
1213 2189 1337 2266 multa
1370 2189 1446 2268 alia
1475 2189 1666 2265 Ciceronis
1686 2184 1886 2293 opuscula,
1919 2199 2003 2260 turn

591 2311 688 2388 duas
707 2319 897 2390 invectivas
918 2314 1110 2405 continet;
1131 2312 1230 2388 liber
1243 2311 1347 2388 haud
1363 2313 1681 2401 contemnendus,
1698 2311 1808 2387 cuius
1828 2335 1899 2416 ope
1916 2308 2002 2414 plu-

590 2461 635 2511 ra
658 2437 867 2514 emendavi.
919 2439 1100 2512 Praeterea
1130 2435 1283 2513 Scholia
1302 2437 1344 2512 in
1368 2438 1576 2513 Salustium
1597 2437 1639 2511 in
1660 2433 1896 2512 Bibliotheca
1916 2437 2002 2508 Ber-

590 2561 700 2636 nensi
713 2578 959 2638 asservantur.
978 2560 1147 2657 (Sinner.
1162 2561 1325 2668 Catalog.
1339 2588 1374 2665 p.
1389 2564 1491 2652 612.)
1504 2561 1547 2636 in
1564 2560 1797 2637 membranis
1807 2585 1886 2636 soec.
1899 2559 1999 2634 XIV.

589 2683 782 2790 eleganter
800 2685 959 2789 scripta3
992 2711 1038 2762 cx
1059 2683 1201 2789 quibm
1222 2683 1331 2762 haud
1357 2685 1526 2762 multum
1547 2685 1647 2760 lucri
1669 2680 1817 2780 seceris3
1844 2709 1894 2759 ne
1916 2708 1999 2758 ver·
2109 2711 2115 2722 ·

588 2809 729 2884 borum
754 2809 911 2913 quidem
933 2807 1109 2883 ordinem
1131 2809 1223 2883 inde
1245 2833 1462 2913 cognoscas,
1487 2833 1575 2911 quae
1590 2807 1725 2911 saepius
1743 2809 1796 2883 ita
1814 2807 1999 2912 composi-

590 2947 628 3004 ta
647 2947 757 3020 sunt,
783 2945 829 3004 ut
847 2931 1044 3006 sententiae
1059 2930 1302 3006 illustrentur
1309 2963 1320 3026 3
1346 2957 1466 3035 quare
1487 2931 1609 3007 futilis
1627 2931 1879 3008 Grammatici
1901 2931 1995 3007 ieiu-

587 3043 663 3130 nas
692 3051 1032 3129 adnotatiunculas
1059 3068 1234 3130 excutere
1263 3053 1382 3130 nolui.
1433 3057 1507 3130 Tot
1528 3056 1732 3149 Codicum,
1766 3081 1861 3161 quos
1882 3055 1997 3132 modo

586 3178 916 3269 enumeravimus,
938 3177 1236 3290 praestantissimi
1255 3196 1293 3254 et
1310 3179 1540 3285 dignissimi,
1565 3207 1660 3287 quos
1676 3209 1900 3285 sequamur,
1921 3205 1996 3257 esse

585 3299 767 3378 videntur
778 3302 1028 3378 Fabricianus
1046 3319 1084 3378 et
1097 3302 1414 3409 Merseburgensis
1434 3305 1551 3397 Rivii,
1573 3307 1801 3396 Vaticanus,
1821 3305 1995 3380 Nazerin-

587 3449 661 3496 nus
678 3439 717 3498 et
729 3425 1031 3514 Commelianus,
1046 3427 1251 3502 Vossianus
1265 3428 1391 3520 (Leid.
1407 3433 1466 3521 L)
1483 3430 1799 3506 Guelferbitanus
1809 3433 1853 3506 V.
1879 3431 1994 3506 Sena·

587 3545 745 3622 toriusl
771 3548 1066 3651 Tegernseensis,
1086 3550 1301 3628 basileensis
1312 3557 1338 3628 1.
1364 3556 1613 3634 Turicensisl.
1631 3555 1898 3631 BernensislV.
1924 3557 1994 3628 Ac-

586 3669 718 3746 cedere
734 3670 916 3746 videntur
933 3673 1107 3776 quinque
1118 3675 1278 3751 Parisini
1287 3708 1297 3768 3
1312 3676 1377 3754 sed
1396 3695 1442 3752 ut
1456 3679 1672 3754 accuratius
1685 3679 1732 3754 de
1746 3680 1791 3754 iis
1803 3679 1993 3757 iudicium

586 3791 671 3885 fiat,
687 3794 827 3870 iterum
845 3795 1091 3872 examinandi
1111 3815 1211 3874 sunt.
1238 3803 1321 3876 Imo
1337 3817 1547 3882 neceteros
1564 3801 1739 3906 quidem,
1765 3805 1815 3890 ab
1833 3803 1917 3878 aliis
1930 3830 1993 3880 ex·

586 3920 793 4008 ominatos,
817 3919 957 3994 iterum
976 3921 1208 4000 consuluisse
1227 3923 1293 3998 abs
1314 3951 1355 4000 re
1374 3949 1448 4000 esse
1465 3925 1574 4002 duco.
1610 3931 1692 4004 Iam
1708 3955 1818 4032 spero
1835 3928 1993 4032 quidem

585 4039 781 4132 futurum,
794 4059 839 4117 ut
850 4043 1041 4118 Lutetiam
1055 4047 1301 4136 Parisiorum,
1319 4048 1602 4142 Mediolanum,
1618 4053 1850 4130 Florentiam
1865 4069 1995 4157 atque,

586 4189 717 4240 uerum
732 4166 948 4258 dominam,
965 4170 1141 4254 Romam,
1169 4170 1247 4273 ipse
1272 4173 1467 4263 accedam,
1493 4190 1608 4277 atque
1630 4176 1784 4254 Codices
1807 4178 1861 4252 ibi
1879 4203 1993 4254 asser·

586 4303 691 4365 vatos
712 4288 921 4395 inspiciam
978 4291 1052 4367 Sed
1079 4289 1319 4369 hauddubie
1342 4296 1384 4370 in
1403 4297 1492 4402 ipsis
1512 4297 1729 4376 Germaniae
1750 4301 1992 4378 bibliothecis
