4570 5316
611 401 698 519 ἰ188

625 575 744 652 bostis
763 577 932 652 aderant
967 574 1127 664 Mariba,
1147 574 1220 649 ubi
1232 599 1277 649 ex
1297 571 1465 660 nunciis,
1489 594 1576 670 quae
1590 567 1706 672 Ligus
1725 581 1870 670 egerat,
1888 573 2027 666 coguo'-

626 699 698 789 vit,
724 723 959 802 quamquam
985 713 1065 774 toto
1080 697 1142 772 die
1160 698 1327 771 intentos
1344 694 1475 798 praelio
1500 691 1687 766 Numidas
1704 687 1914 776 habuerat,
1940 703 2026 758 tum

626 847 715 896 vero
749 820 967 896 cohortatus
997 820 1135 894 milites
1164 834 1203 894 et
1225 819 1309 922 ipse
1330 832 1435 891 extra
1461 815 1589 890 vineas
1616 837 1804 917 egressus,
1836 809 2025 885 testudine

625 961 709 1018 acta
730 943 929 1018 succedere
948 959 985 1018 et
1005 941 1119 1016 simul
1139 939 1285 1015 hostem
1311 937 1508 1012 tormentis
1531 935 1809 1040 sagittariisque
1831 948 1870 1006 et
1892 929 2025 1039 sundi-

627 1067 771 1140 toribus
796 1066 945 1140 eminus
972 1081 1118 1139 terrere.
1161 1065 1212 1137 At
1232 1061 1407 1136 Numidae
1429 1085 1526 1162 saepe
1554 1075 1665 1132 antea
1694 1057 1814 1131 vineis
1835 1057 2026 1129 Romano·

623 1216 714 1266 rum
731 1189 937 1276 subversis,
957 1188 1047 1260 item
1067 1184 1245 1272 incensis,
1273 1209 1354 1259 non
1373 1181 1517 1258 castelli
1535 1181 1728 1254 moenibus
1749 1205 1829 1253 sese·
1846 1177 2030 1251 tutaban÷

626 1327 710 1404 tur;
730 1312 795 1386 sed
816 1337 886 1413 pro
906 1337 1017 1384 muro
1036 1309 1113 1382 dies
1127 1322 1330 1407 noctesque
1352 1306 1514 1409 agitare:
1535 1301 1759 1378 maledicere
1780 1299 1959 1398 Romanis
1979 1325 2024 1372 ac

623 1433 751 1507 Mario
771 1433 987 1508 vecordiam
1004 1432 1214 1522 obiectare;
1237 1426 1425 1502 militibus
1447 1426 1584 1500 nostris
1610 1423 1805 1528 Iugurthae
1830 1423 2024 1498 servitium

623 1555 786 1648 minari3
822 1557 997 1630 secundis
1028 1555 1138 1628 rebus
1167 1552 1306 1626 seroces
1333 1575 1415 1625 csse.
1461 1549 1622 1624 Interim
1645 1548 1822 1623 omnibus
1845 1546 2022 1620 Romanis

622 1655 870 1781 hostibusque
889 1677 1022 1782 praelio
1045 1674 1220 1762 intentis,
1242 1700 1379 1776 magna
1402 1672 1597 1774 utrimque
1613 1671 1651 1746 vi
1675 1697 1746 1774 pro
1767 1669 1886 1773 gloria
1910 1675 2024 1771 atque

623 1798 785 1902 imperio
814 1799 897 1889 his,
922 1799 997 1873 illis
1031 1824 1102 1901 pro
1126 1797 1249 1870 salute
1271 1795 1528 1882 certantibus,
1550 1808 1705 1896 repente
1732 1820 1754 1866 a
1790 1793 2023 1900 tergosigna

624 1946 760 1996 canere
779 1953 787 1993 ε
814 1947 859 1994 ac
882 1922 1008 2024 primo
1026 1919 1202 1994 mulieres
1219 1933 1257 1992 et
1271 1917 1391 2020 pueri,
1405 1917 1475 2018 qui
1494 1917 1615 1990 visum
1630 1932 1905 2020 processerant,
1923 1913 2026 2019 fuge·

624 2066 690 2134 res
711 2040 866 2135 deinde,
884 2042 943 2116 uti
960 2041 1120 2143 quisque
1139 2068 1250 2114 muro
1265 2067 1474 2144 proxumus
1491 2057 1590 2130 erat,
1613 2055 1801 2142 postremo
1819 2041 1949 2112 cuncti
1967 2064 2025 2112 ar·-

624 2164 725 2238 mati
746 2159 990 2266 inermesque.
1042 2164 1159 2261 Quod
1187 2163 1254 2237 ubi
1280 2162 1436 2254 accidit,
1454 2189 1498 2238 eo
1524 2164 1648 2242 acrius
1674 2160 1837 2236 Romani
1868 2161 2021 2249 instare,

623 2285 786 2362 tundere
803 2288 1061 2391 acplerosque
1084 2285 1353 2361 tantummodo
1369 2285 1554 2359 sauciare:
1580 2285 1670 2359 dein
1687 2311 1802 2388 super
1816 2284 2023 2358 occisorum

624 2434 784 2512 corpora
799 2409 952 2498 vadere,
964 2409 1063 2482 avidi
1081 2409 1209 2512 gloriae
1228 2423 1413 2484 certantes
1426 2434 1581 2482 murum
1592 2425 1739 2510 petere,
1759 2433 1884 2508 neque
1895 2433 2024 2508 qtreme

564 2590 567 2596 ,
623 2556 741 2630 quam
761 2532 936 2604 omnium
953 2530 1081 2638 praeda
1105 2531 1256 2604 morari.
1307 2530 1368 2603 Sic
1381 2528 1479 2603 forte
1498 2547 1665 2608 correcta
1684 2530 1798 2604 Marii
1823 2529 2024 2616 temeritas,

577 2667 616 2750 9³
627 2652 790 2758 gloriam
808 2681 854 2728 ex
882 2653 996 2758 culpa
1017 2653 1172 2730 invenit
1224 2654 1402 2727 Ceterum
1425 2651 1519 2726 dum
1538 2678 1581 2727 ea
1600 2673 1657 2726 res
1677 2654 1837 2756 geritur,
1861 2655 1900 2724 L.
1920 2653 2023 2726 Sulla

627 2775 802 2877 Quaestor
822 2802 915 2854 cum
932 2801 1069 2878 magno
1092 2777 1266 2877 equitatu
1289 2775 1329 2850 in
1349 2791 1470 2864 castra
1484 2775 1605 2849 venit:
1619 2801 1713 2876 quos
1734 2775 1793 2849 uti
1809 2801 1854 2849 ex
1864 2775 1972 2850 Latio
1990 2792 2026 2849 et

625 2924 648 2970 a
667 2899 775 2972 sociis
799 2912 969 3000 cogeret,
995 2899 1122 2972 Romae
1145 2897 1298 2972 relictus
1324 2913 1414 2972 erat
1450 2897 1522 2973 Sed
1546 2897 1733 3000 quoniam
1755 2922 1823 2972 nos
1839 2898 1936 2972 tanti
1953 2897 2025 2973 viri

624 3095 694 3155 tab.
714 3091 772 3159 Pal.
786 3115 811 3153 ι.
825 3116 851 3154 a.
865 3097 932 3154 Seu.
948 3115 972 3153 1.
993 3093 1090 3154 Guell.
1104 3117 1128 3154 ι.
1146 3093 1214 3156 Fab.
1234 3116 1259 3153 1.
1272 3115 1312 3153 m.
1324 3117 1370 3176 pr.
1390 3097 1460 3157 Tur.
1482 3117 1522 3154 m.
1531 3115 1577 3176 pr.
1591 3094 1714 3154 insidtbs
1725 3081 1759 3154 h,
1771 3093 1890 3154 Comm.
1906 3095 2025 3156 testardi-

625 3201 753 3274 rtcsccto
768 3198 864 3258 Guoll.
875 3199 903 3263 3,
925 3219 962 3258 ac
972 3197 1083 3259 Murio.
1105 3219 1141 3259 oc
1158 3221 1225 3266 om,
1239 3199 1299 3260 duo
1313 3201 1427 3260 Wassii.
1448 3201 1480 3260 in
1490 3199 1593 3281 prelio
1610 3197 1818 3260 intentarat.
1841 3219 1866 3257 1,
1887 3197 2026 3258 Romanis

623 3301 756 3360 omnebus
776 3305 816 3360 ita
832 3303 952 3364 Haverc.
973 3303 1054 3366 Lcid.
1075 3303 1137 3361 Bae
1151 3323 1176 3362 r.
1195 3324 1252 3383 pro
1265 3305 1381 3383 glorio,
1399 3326 1455 3386 pro
1479 3303 1600 3384 imperio
1617 3303 1678 3364 duo
1695 3302 1810 3368 Wassii.
1837 3321 1960 3362 murum
1972 3323 2023 3382 ρο-

623 3414 683 3462 tere
702 3407 742 3462 ita
757 3407 856 3484 vulgo.
888 3425 1021 3484 rumpere
1035 3405 1136 3464 Guelf.
1152 3428 1177 3466 1.
1199 3410 1356 3468 ascendere
1375 3409 1442 3469 Ecc·
1464 3407 1554 3468 lead.
1575 3410 1679 3470 incert.
1696 3428 1721 3465 1.
1748 3405 1833 3466 Rem.
1860 3405 1941 3489 berg.
1974 3407 2026 3466 Vi-

623 3525 687 3564 unr.
699 3524 727 3564 a.
748 3505 809 3563 llas.
820 3506 849 3575 l.
868 3507 948 3568 Vrat.
961 3529 987 3566 a.
998 3509 1027 3572 5.
1048 3511 1144 3568 Guels.
1158 3511 1186 3574 6.
1200 3535 1227 3592 7,
1240 3533 1269 3592 9.
1281 3533 1327 3572 ιο.
1338 3533 1384 3572 aa.
1404 3512 1486 3572 Leid.
1496 3534 1523 3572 ar
1534 3513 1563 3571 d.
1573 3534 1597 3572 e.
1611 3513 1632 3570 f.
1654 3521 1789 3590 correpto
1808 3511 1877 3572 vin.
1892 3533 1918 3570 ι.
1938 3509 2024 3570 brad.

623 3614 725 3672 Franc.
746 3611 805 3668 inc.
824 3630 849 3667 t.
870 3609 953 3669 Rem.
972 3633 996 3676 c.
1016 3612 1096 3677 th.
1113 3633 1140 3675 2.
1153 3615 1181 3678 3..
1203 3614 1300 3676 Guel-l.
1315 3618 1343 3688 4.
1355 3619 1383 3678 6.
1398 3639 1425 3699 7.
1440 3639 1468 3697 9.
1482 3636 1528 3677 ra.
1548 3616 1667 3678 leid-c.
1689 3615 1944 3697 quinqchasaii.
1965 3614 2023 3672 Bas.

625 3713 691 3786 μέ.
713 3713 799 3773 Bern.
811 3733 838 3772 r.

632 3851 634 3860 ’
706 3839 780 3928 θαρ.
797 3841 846 3922 95.
872 3837 945 3899 Silla
964 3839 1026 3900 Bas.
1048 3863 1072 3907 r,
1094 3845 1134 3904 ita
1154 3844 1274 3926 ubique.
1301 3849 1424 3927 dum-co
1439 3847 1596 3928 resogdur
1615 3847 1706 3928 pauci
1724 3855 1755 3905 ct
1773 3846 1928 3906 dauntre
1944 3847 2024 3911 eon

620 3945 824 4008 bettane.
840 3945 868 4004 lr.
903 3955 1029 4027 quatuor
1041 3947 1167 4029 Popma.
1185 3950 1258 4010 'duo
1275 3951 1388 4013 Wetsii.
1410 3953 1472 4012 Bas.
1490 3954 1519 4023 4.
1548 3951 1709 4012 exercitum
1723 3960 1839 4030 cogeret
1858 3953 1946 4030 pauci
1961 3953 2025 4012 liu.

620 4047 748 4108 axCort.
768 4048 853 4112 Bem.
865 4069 891 4108 ι.
912 4049 1073 4112 exaratum
1094 4056 1226 4135 plerique
1242 4075 1302 4115 om.
1324 4055 1438 4116 otaciltb
1453 4076 1518 4136 cog.
1545 4054 1630 4120 Bern.
1643 4055 1673 4114 dr
1700 4073 1764 4134 cog.
1789 4054 1895 4130 milites
1914 4058 2025 4136 aliquot

621 4152 749 4211 iuniores
764 4173 798 4228 cx
810 4152 892 4218 Gort.
907 4149 1053 4216 exhibent.
1073 4159 1144 4218 item
1166 4159 1246 4225 leid.
1259 4162 1280 4224 f.
1292 4182 1318 4222 c.
1338 4159 1439 4232 baal.
1466 4161 1546 4238 qttod
1566 4158 1611 4218 uti
1636 4157 1698 4218 Bas.
1712 4179 1737 4217 1.
1768 4159 1865 4218 Sonat.
1884 4159 1985 4220 Vinar.
2000 4179 2023 4217 ι.

621 4251 720 4346 Htw.
740 4255 877 4330 (ἰωῇ).
887 4277 916 4320 2.
938 4257 1086 4328 Carriouia
1104 4261 1193 4327 libri..
1204 4266 1291 4329 Parit.
1302 4286 1341 4334 a..
1357 4285 1427 4346 quos
1441 4264 1488 4326 uti
1505 4263 1602 4327 Guell.
1613 4265 1642 4324 Ξ.
1663 4281 1748 4344 quem
1763 4261 1808 4322 uli
1819 4239 1915 4324 'llariu
1925 4262 1963 4324 di.
1976 4259 2024 4341 qui
