4582 5320
585 355 654 444 ²16

473 585 478 594 ·
585 549 638 612 tes
661 552 761 614 eant.
804 535 938 616 Occiso
955 535 1108 646 Tiberio
1124 535 1321 632 'Graoohu
1346 559 1461 644 quem
1481 563 1641 644 mgnum
1663 559 1799 644 parare
1821 535 1987 628 aiebant,

586 659 800 765 inlplebem
815 663 1026 739 Romanam
1051 661 1438 778 quamtionesbabitae
1457 678 1557 738 sunt.
1594 665 1680 738 Post
1699 665 1737 738 C.
1758 658 1926 737 Gracchi
1948 675 1989 736 et

546 849 550 856 .
586 783 636 858 M.
657 784 783 860 Fulvii
813 785 965 862 caedem
997 786 1089 860 item
1119 787 1230 863 vestri
1259 785 1403 862 ordinis
1428 786 1542 861 multi
1567 785 1745 860 mortales
1770 784 1810 858 in
1838 807 1987 859 carcere

587 907 713 983 necati
733 924 849 984 sunt:
875 909 1075 1012 utriusque
1094 909 1213 984 cladis
1231 936 1312 984 non
1333 909 1394 985 lex
1415 935 1550 984 verum
1568 908 1702 983 lubido
1718 931 1852 983 eorum
1871 895 1988 978 linem

522 1107 524 1112 ,
586 1028 684 1104 feeit.
708 1031 782 1106 Sed
802 1057 892 1108 sane
908 1032 1026 1108 fuerit
1044 1031 1150 1136 regni
1168 1031 1337 1136 paratio,
1354 1032 1459 1136 plebi
1474 1057 1541 1106 sua
1564 1031 1777 1124 restituere;
1801 1027 1988 1133 quicquid

585 1152 667 1228 sine
686 1154 871 1258 sanguine
890 1155 1032 1230 civium
1053 1155 1184 1231 ulcisci
1204 1156 1406 1258 nequitur,
1430 1155 1514 1230 iure
1537 1153 1683 1230 factum
1702 1154 1760 1228 sit.
1811 1151 1988 1256 Superio-

586 1275 658 1350 bus
675 1277 786 1352 annis
804 1279 910 1353 taciti
930 1279 1256 1384 indignabamini,
1281 1279 1460 1354 serarium
1479 1276 1660 1381 expilari3
1684 1301 1785 1382 reges
1806 1291 1845 1351 et
1863 1301 1987 1379 popu-

588 1397 643 1472 los
678 1399 818 1476 liberos
845 1402 977 1504 paucis
1007 1402 1202 1477 nobilibus
1234 1401 1392 1505 vectigal
1417 1399 1601 1504 pendere;
1633 1425 1747 1503 penes
1771 1398 1919 1474 eosdem
1950 1413 1990 1471 et

587 1544 776 1596 summam
801 1523 962 1628 gloriam
981 1540 1019 1600 et
1039 1551 1235 1600 maxumas
1261 1523 1412 1599 divitias
1438 1547 1541 1598 esse:
1568 1537 1695 1596 tamen
1718 1520 1800 1595 hoec
1822 1520 1911 1594 talia
1933 1519 1989 1593 fa·

587 1645 719 1719 cinora
746 1646 908 1750 impune
935 1647 1157 1751 suscepisse,
1183 1675 1322 1752 parum
1341 1644 1520 1720 habuere.
1570 1648 1705 1748 Itaque
1727 1660 1916 1748 postremo
1937 1642 1989 1715 le-

586 1793 669 1870 ges,
695 1771 866 1844 maiestas
887 1771 1183 1861 vestra,'divina
1210 1787 1250 1844 et
1286 1765 1459 1844 humana
1486 1765 1617 1842 omnia
1646 1766 1818 1841 hostibus
1847 1765 1991 1840 tradita·

586 1907 687 1964 sunt.
723 1894 854 1994 Neque
874 1918 954 1982 eos,
972 1894 1040 1996 qui
1059 1921 1101 1968 ea
1124 1892 1260 1981 fecere,
1286 1891 1406 1995 pudet
1423 1907 1491 1964 aut
1513 1887 1698 1994 poenitet:
1722 1891 1786 1965 sed
1806 1888 1991 1963 incedunt

589 2026 743 2116 perora
763 2031 884 2088 vestra
900 2012 1114 2118 magnifici,
1136 2013 1345 2090 sacerdotia
1364 2030 1402 2088 et
1417 2013 1654 2102 consulatus,
1672 2039 1758 2116 pars
1777 2009 1991 2114 triumphos

589 2158 677 2208 suos
706 2151 960 2212 ostentantes:
984 2137 1147 2242 perinde
1166 2137 1273 2240 quasi
1304 2163 1347 2211 ea
1367 2134 1507 2210 honori
1545 2163 1626 2211 non
1655 2135 1793 2239 praedae
1813 2135 1988 2211 babeant.

589 2257 692 2333 Servi
714 2285 787 2334 scre
816 2261 941 2364 parati
957 2260 1099 2336 iniusta
1121 2259 1279 2365 imperia
1300 2259 1547 2334 dominorum
1565 2284 1645 2335 non
1666 2259 1891 2363 perferunt:
1913 2281 1990 2344 vos,

589 2378 779 2476 Quirites,
806 2382 965 2487 imperio
982 2384 1087 2474 nati,
1113 2409 1224 2485 aequo
1242 2381 1372 2458 animo
1391 2381 1609 2458 serviuntem
1628 2382 1807 2458 toleratis.
1854 2379 1989 2484 Atqui
2111 2409 2128 2428 ··

586 2493 677 2577 sunt
703 2493 763 2596 hi,
789 2507 858 2608 qui
891 2505 1169 2611 rempublicam
1195 2508 1452 2612 occupavere?
1485 2501 1659 2582 homines
1686 2503 1989 2591 sceleratissumi,
2049 2613 2053 2620 .

588 2721 664 2762 unus
679 2697 798 2778 Wassil,
818 2721 875 2764 esse
893 2703 961 2789 Teg.
983 2717 1016 2766 ut
1030 2716 1136 2768 eontra
1156 2706 1217 2766 Bas.
1240 2727 1267 2767 1.
1293 2705 1395 2768 suimet
1413 2705 1469 2792 {osi
1485 2724 1567 2766 more
1592 2705 1654 2767 Bas.
1670 2727 1696 2766 ι.
1716 2705 1826 2766 Vina.
1856 2703 1991 2766 Graccho

588 2801 650 2869 Bas.
672 2828 696 2872 1.
722 2805 807 2872 Febr.
826 2819 854 2869 et
873 2812 1054 2871 vetustissimi
1067 2811 1165 2872 Guell.
1187 2809 1302 2871 Gracco
1324 2811 1421 2884 multi,
1437 2807 1536 2871 Groco
1554 2812 1651 2870 ceteri.
1680 2831 1804 2890 regnum
1821 2809 1876 2870 sibi
1884 2826 1992 2890 parare

587 2901 690 2976 Frena.
711 2910 762 2972 Ac.
783 2913 883 2972 llenss.
901 2913 968 2974 Seu.
981 2936 1008 2974 s.
1029 2915 1114 2976 Bern.
1130 2935 1159 2974 a.
1181 2913 1330 2994 quaestion.
1346 2933 1449 2995 graues
1464 2916 1527 2974 inc.
1548 2919 1643 2980 Struv.
1663 2915 1768 2977 Franc.
1788 2918 1886 2996 plures
1896 2913 1991 2974 Guell.

587 3033 671 3092 grav.
684 3037 712 3094 q.
730 3011 813 3075 Le'id.
828 3037 854 3075 a.
867 3015 897 3075 h.
914 3018 940 3076 lr.
961 3021 1094 3100 plerique
1105 3019 1192 3078 Pelet.
1214 3019 1350 3100 (exceptis
1362 3019 1431 3078 Nar.
1443 3018 1608 3098 etComm.)
1629 3021 1689 3079 Erl.
1709 3021 1794 3080 Bern.
1807 3040 1833 3084 ι.
1854 3019 1992 3078 itemves·

588 3118 631 3178 tri
646 3122 712 3183 ord.
728 3141 768 3178 m.
782 3141 823 3179 m.
844 3121 883 3179 its
901 3123 1022 3201 plurimi
1035 3121 1116 3181 Cort.
1138 3123 1196 3183 Erl.
1217 3122 1278 3182 Bas.
1292 3144 1317 3182 1.
1331 3123 1361 3194 4.
1382 3121 1467 3183 llern.
1488 3144 1513 3182 t.
1526 3127 1554 3185 3.
1576 3123 1645 3183 item
1659 3145 1699 3184 m.
1714 3145 1743 3185 v.
1756 3142 1784 3190 ο.
1800 3135 1855 3184 ete.
1876 3123 1993 3202 (omisso

588 3224 735 3301 mortula]
758 3223 855 3288 Guels.
873 3246 897 3284 ι.
919 3224 1031 3291 Fabric.
1052 3225 1150 3288 Turio.
1172 3247 1213 3293 m.
1224 3247 1270 3308 pr.
1292 3227 1382 3288 libido
1397 3247 1500 3288 eorum
1521 3247 1608 3309 pron.
1623 3249 1683 3288 om.
1699 3227 1797 3289 Guell.
1811 3249 1840 3310 9.
1861 3226 1947 3291 Bern.
1967 3245 1990 3284 ι.

556 3347 562 3355 ·
589 3327 674 3404 regni
695 3329 842 3408 reparatio
862 3328 954 3390 laad.
972 3331 1067 3394 Struv.
1097 3327 1200 3395 Franc.
1227 3333 1329 3392 incert.
1357 3331 1730 3414 Guell.1.7.1o.11.1a.
1756 3329 1994 3400 tatanem.

587 3428 647 3490 Erl.
668 3427 771 3501 Baal.
791 3433 926 3492 ntowiara
946 3433 1013 3493 Ecc.
1033 3433 1084 3494 Aa.
1105 3435 1200 3496 Struv.
1229 3419 1333 3496 Frena.
1361 3436 1483 3502 Vteti.
1512 3437 1915 3521 Guelfil.7.9.1o.n.1a.
1935 3437 1993 3496 1¹:11.

588 3529 688 3604 besl.
700 3532 798 3592 .Bern.
810 3531 840 3595 3.
863 3537 999 3614 respuitur
1030 3539 1172 3604 Vinum.
1203 3539 1299 3599 Senot.
1313 3561 1342 3602 ι.
1368 3540 1469 3601 Hetrss.
1496 3541 1593 3607 Guell.
1609 3563 1634 3607 ι.
1654 3543 1739 3603 Rem.
1761 3565 1788 3605 a.
1809 3555 1838 3604 et
1853 3543 1949 3626 Senat.
1964 3563 1987 3605 ι.

589 3634 685 3699 Guell.
698 3655 725 3696 a.
738 3637 810 3709 Μ.
830 3659 925 3720 m.pr.
946 3640 1055 3702 [sida.
1078 3642 1138 3702 duo
1149 3643 1235 3704 Ririi.
1256 3643 1388 3704 Beroald.
1408 3644 1471 3704 Bas.
1486 3667 1510 3704 ι.
1533 3667 1574 3705 m.
1589 3669 1636 3729 pr.
1667 3645 1905 3727 iurejoelumest
1926 3647 1992 3716 Ecc,

510 3761 513 3772 ·
589 3739 745 3806 Guell.·m.
766 3742 838 3825 teg.
855 3744 994 3804 crarium
1009 3747 1167 3827 sospoliori
1189 3747 1258 3809 t'iu.
1274 3768 1300 3807 a.
1320 3748 1416 3808 Struv.
1441 3749 1546 3811 Franc.
1566 3751 1686 3813 llerseb.
1708 3753 1794 3814 Ririi.
1815 3752 1887 3834 llcg.
1908 3749 1994 3812 Wes-

588 3846 632 3908 rii.
652 3846 733 3910 tran
745 3846 775 3906 3.
796 3847 881 3913 Rem.
893 3869 918 3908 1.
940 3849 1038 3918 Gnsll.
1048 3873 1077 3934 7.
1094 3873 1139 3911 ro.
1156 3873 1201 3911 11.
1223 3851 1303 3916 teid.
1317 3873 1344 3916 a.
1356 3851 1386 3910 b.
1401 3853 1430 3916 d.
1444 3875 1471 3912 e.
1484 3875 1524 3912 m.
1553 3863 1581 3913 et
1594 3875 1738 3916 summam
1751 3856 1885 3935 gratiam
1910 3851 1993 3918 Rem.

548 3947 551 3954 ’
592 3967 620 4008 2.
640 3949 901 4028 baalaliasacs'n.
923 3955 996 4014 tab‘a
1011 3976 1071 4014 om.
1088 3955 1174 4015 Febr.
1190 3975 1216 4016 a.
1232 3965 1264 4014 et
1280 3953 1341 4013 ulia
1359 3955 1456 4016 Guell.
1472 3979 1499 4038 7.
1520 3959 1672 4039 magnifici
1691 3961 1759 4020 Eoo.
1780 3955 1877 4020 Guell.
1892 3963 1919 4023 3.
1941 3959 1995 4020 Vi-

590 4070 653 4114 aet.
671 4073 698 4112 a.
720 4053 787 4114 an.
809 4055 863 4120 Ac.
879 4057 986 4118 Sena.
1008 4059 1107 4120 Heuss.
1128 4059 1189 4122 Bas.
1205 4077 1233 4116 ι.
1251 4069 1280 4118 ot
1293 4059 1332 4118 ita
1345 4058 1460 4120 Gruter.
1483 4060 1563 4120 Laid.
1576 4085 1601 4128 s.
1618 4063 1648 4122 b.
1663 4084 1687 4125 e.
1707 4063 1769 4146 lg.
1784 4065 1805 4129 i.
1817 4067 1838 4129 1.
1854 4085 1895 4124 m.
1909 4062 1994 4122 Bern.

593 4175 621 4218 r·
642 4156 796 4234 magnffiee
810 4163 910 4222 esuri.
925 4160 1053 4243 prolude
1070 4162 1197 4241 quasise
1214 4160 1314 4222 *Gnolt
1330 4183 1356 4225 r.
1372 4161 1400 4225 ὅ.
1426 4165 1528 4227 ine-2.
1549 4167 1628 4228 l'rst.
1646 4187 1673 4228 ι.
1693 4167 1761 4228 sen.
1776 4187 1803 4229 s.
1825 4167 1941 4234 Hense·
1959 4163 1993 4228 ω’
