<?xml version="1.0" encoding="UTF-8"?>
<!DOCTYPE html PUBLIC "-//W3C//DTD XHTML 1.0 Transitional//EN"
    "http://www.w3.org/TR/xhtml1/DTD/xhtml1-transitional.dtd">
<html xmlns="http://www.w3.org/1999/xhtml" xml:lang="en" lang="en">
 <head>
  <title>
</title>
<meta http-equiv="Content-Type" content="text/html;charset=utf-8" />
  <meta name='ocr-system' content='tesseract 3.04.00' />
  <meta name='ocr-capabilities' content='ocr_page ocr_carea ocr_par ocr_line ocrx_word'/>
</head>
<body>
  <div class='ocr_page' id='page_1' title='image "./ccrispisalustii02sallgoog_0049.png"; bbox 0 0 4560 5338; ppageno 0'>
   <div class='ocr_carea' id='block_1_1' title="bbox 623 411 652 496">
    <p class='ocr_par' dir='ltr' id='par_1_1' title="bbox 623 411 652 496">
     <span class='ocr_line' id='line_1_1' title="bbox 623 411 652 496; baseline 0 0"><span class='ocrx_word' id='word_1_1' title='bbox 623 411 652 496; x_wconf 85' lang='grc'>6</span> 
     </span>
    </p>
   </div>
   <div class='ocr_carea' id='block_1_2' title="bbox 520 584 2038 2292">
    <p class='ocr_par' dir='ltr' id='par_1_2' title="bbox 595 584 2037 1194">
     <span class='ocr_line' id='line_1_2' title="bbox 595 584 2037 694; baseline -0.008 -22"><span class='ocrx_word' id='word_1_2' title='bbox 595 611 617 687; x_wconf 70' lang='grc'><strong><em>4</em></strong></span> <span class='ocrx_word' id='word_1_3' title='bbox 627 595 777 682; x_wconf 89' lang='lat' dir='ltr'>eadem,</span> <span class='ocrx_word' id='word_1_4' title='bbox 798 616 885 694; x_wconf 87' lang='lat' dir='ltr'>quae</span> <span class='ocrx_word' id='word_1_5' title='bbox 904 606 1061 680; x_wconf 87' lang='lat' dir='ltr'>ceteros,</span> <span class='ocrx_word' id='word_1_6' title='bbox 1078 585 1180 666; x_wconf 81' lang='lat' dir='ltr'>lama</span> <span class='ocrx_word' id='word_1_7' title='bbox 1199 603 1316 691; x_wconf 85' lang='lat' dir='ltr'>atque</span> <span class='ocrx_word' id='word_1_8' title='bbox 1341 584 1486 662; x_wconf 79' lang='lat' dir='ltr'>invidia</span> <span class='ocrx_word' id='word_1_9' title='bbox 1508 585 1675 662; x_wconf 82' lang='lat' dir='ltr'>vexabat.</span> <span class='ocrx_word' id='word_1_10' title='bbox 1726 584 1849 690; x_wconf 89' lang='lat' dir='ltr'>Igitur</span> <span class='ocrx_word' id='word_1_11' title='bbox 1865 585 1935 661; x_wconf 90' lang='lat' dir='ltr'>ubi</span> <span class='ocrx_word' id='word_1_12' title='bbox 1953 585 2037 662; x_wconf 87' lang='lat' dir='ltr'>ani-</span> 
     </span>
     <span class='ocr_line' id='line_1_3' title="bbox 626 707 2036 816; baseline -0.006 -22"><span class='ocrx_word' id='word_1_13' title='bbox 626 745 712 795; x_wconf 83' lang='lat' dir='ltr'>mus</span> <span class='ocrx_word' id='word_1_14' title='bbox 733 743 780 798; x_wconf 83' lang='lat' dir='ltr'>ex</span> <span class='ocrx_word' id='word_1_15' title='bbox 798 713 930 790; x_wconf 89' lang='lat' dir='ltr'>multis</span> <span class='ocrx_word' id='word_1_16' title='bbox 950 712 1107 788; x_wconf 85' lang='lat' dir='ltr'>miseriis</span> <span class='ocrx_word' id='word_1_17' title='bbox 1124 728 1239 816; x_wconf 86' lang='lat' dir='ltr'>atquo</span> <span class='ocrx_word' id='word_1_18' title='bbox 1270 709 1450 815; x_wconf 92' lang='lat' dir='ltr'>periculis</span> <span class='ocrx_word' id='word_1_19' title='bbox 1467 708 1666 812; x_wconf 83' lang='lat' dir='ltr'><strong>requievit,</strong></span> <span class='ocrx_word' id='word_1_20' title='bbox 1682 707 1830 782; x_wconf 90' lang='lat' dir='ltr'>etmihi</span> <span class='ocrx_word' id='word_1_21' title='bbox 1846 709 2036 813; x_wconf 88' lang='lat' dir='ltr'>reliquam</span> 
     </span>
     <span class='ocr_line' id='line_1_4' title="bbox 627 829 2037 942; baseline -0.006 -26"><span class='ocrx_word' id='word_1_22' title='bbox 627 855 778 917; x_wconf 79' lang='lat' dir='ltr'>aetatem</span> <span class='ocrx_word' id='word_1_23' title='bbox 809 837 1054 942; x_wconf 76' lang='lat' dir='ltr'>erepublica</span> <span class='ocrx_word' id='word_1_24' title='bbox 1086 835 1223 940; x_wconf 91' lang='lat' dir='ltr'>procul</span> <span class='ocrx_word' id='word_1_25' title='bbox 1251 831 1471 909; x_wconf 89' lang='lat' dir='ltr'>habendam</span> <span class='ocrx_word' id='word_1_26' title='bbox 1495 829 1666 924; x_wconf 85' lang='lat' dir='ltr'>decrevi3</span> <span class='ocrx_word' id='word_1_27' title='bbox 1702 831 1885 909; x_wconf 84' lang='lat' dir='ltr'>nonfuit</span> <span class='ocrx_word' id='word_1_28' title='bbox 1914 832 2037 908; x_wconf 89' lang='lat' dir='ltr'>consi-</span> 
     </span>
     <span class='ocr_line' id='line_1_5' title="bbox 628 957 2035 1064; baseline -0.004 -26"><span class='ocrx_word' id='word_1_29' title='bbox 628 965 729 1039; x_wconf 90' lang='lat' dir='ltr'>lium</span> <span class='ocrx_word' id='word_1_30' title='bbox 744 961 915 1037; x_wconf 89' lang='lat' dir='ltr'>socordia</span> <span class='ocrx_word' id='word_1_31' title='bbox 936 979 1051 1064; x_wconf 87' lang='lat' dir='ltr'>atque</span> <span class='ocrx_word' id='word_1_32' title='bbox 1071 959 1213 1036; x_wconf 86' lang='lat' dir='ltr'>desidia</span> <span class='ocrx_word' id='word_1_33' title='bbox 1232 959 1381 1033; x_wconf 90' lang='lat' dir='ltr'>bonum</span> <span class='ocrx_word' id='word_1_34' title='bbox 1397 957 1520 1032; x_wconf 90' lang='lat' dir='ltr'>otium</span> <span class='ocrx_word' id='word_1_35' title='bbox 1540 971 1762 1031; x_wconf 79' lang='lat' dir='ltr'>conterere:</span> <span class='ocrx_word' id='word_1_36' title='bbox 1799 983 1925 1060; x_wconf 90' lang='lat' dir='ltr'>neque</span> <span class='ocrx_word' id='word_1_37' title='bbox 1947 983 2035 1032; x_wconf 87' lang='lat' dir='ltr'>vero</span> 
     </span>
     <span class='ocr_line' id='line_1_6' title="bbox 620 1080 2037 1194; baseline -0.004 -31"><span class='ocrx_word' id='word_1_38' title='bbox 620 1114 763 1194; x_wconf 79' lang='lat' dir='ltr'>agrum</span> <span class='ocrx_word' id='word_1_39' title='bbox 782 1085 964 1175; x_wconf 88' lang='lat' dir='ltr'>colendo,</span> <span class='ocrx_word' id='word_1_40' title='bbox 991 1101 1058 1160; x_wconf 88' lang='lat' dir='ltr'>aut</span> <span class='ocrx_word' id='word_1_41' title='bbox 1072 1084 1268 1188; x_wconf 87' lang='lat' dir='ltr'>venando,</span> <span class='ocrx_word' id='word_1_42' title='bbox 1291 1080 1489 1158; x_wconf 89' lang='lat' dir='ltr'>servilibus</span> <span class='ocrx_word' id='word_1_43' title='bbox 1511 1080 1640 1154; x_wconf 87' lang='lat' dir='ltr'>ossiciis</span> <span class='ocrx_word' id='word_1_44' title='bbox 1658 1080 1862 1171; x_wconf 88' lang='lat' dir='ltr'>intentum,</span> <span class='ocrx_word' id='word_1_45' title='bbox 1886 1097 2037 1157; x_wconf 83' lang='lat' dir='ltr'>aetatem</span> 
     </span>
    </p>

    <p class='ocr_par' dir='ltr' id='par_1_3' title="bbox 520 1203 2038 2172">
     <span class='ocr_line' id='line_1_7' title="bbox 520 1203 2038 1315; baseline -0.007 -28"><span class='ocrx_word' id='word_1_46' title='bbox 520 1209 522 1214; x_wconf 67' lang='grc'><strong>’</strong></span> <span class='ocrx_word' id='word_1_47' title='bbox 627 1237 753 1315; x_wconf 81' lang='lat' dir='ltr'>age1e3</span> <span class='ocrx_word' id='word_1_48' title='bbox 775 1208 841 1283; x_wconf 91' lang='lat' dir='ltr'>scd</span> <span class='ocrx_word' id='word_1_49' title='bbox 864 1235 885 1281; x_wconf 90' lang='lat' dir='ltr'>a</span> <span class='ocrx_word' id='word_1_50' title='bbox 910 1235 988 1310; x_wconf 91' lang='lat' dir='ltr'>quo</span> <span class='ocrx_word' id='word_1_51' title='bbox 1012 1211 1164 1314; x_wconf 88' lang='lat' dir='ltr'>incepto</span> <span class='ocrx_word' id='word_1_52' title='bbox 1184 1206 1388 1309; x_wconf 86' lang='lat' dir='ltr'>studioque</span> <span class='ocrx_word' id='word_1_53' title='bbox 1407 1232 1467 1280; x_wconf 88' lang='lat' dir='ltr'>me</span> <span class='ocrx_word' id='word_1_54' title='bbox 1489 1203 1648 1277; x_wconf 82' lang='lat' dir='ltr'><strong>ambitio</strong></span> <span class='ocrx_word' id='word_1_55' title='bbox 1670 1203 1770 1277; x_wconf 88' lang='lat' dir='ltr'>mala</span> <span class='ocrx_word' id='word_1_56' title='bbox 1801 1203 2038 1299; x_wconf 83' lang='lat' dir='ltr'>detinuerat,</span> 
     </span>
     <span class='ocr_line' id='line_1_8' title="bbox 623 1325 2038 1436; baseline -0.006 -28"><span class='ocrx_word' id='word_1_57' title='bbox 623 1333 760 1408; x_wconf 89' lang='lat' dir='ltr'>eodem</span> <span class='ocrx_word' id='word_1_58' title='bbox 789 1357 988 1436; x_wconf 79' lang='lat' dir='ltr'>regressus,</span> <span class='ocrx_word' id='word_1_59' title='bbox 1025 1327 1141 1402; x_wconf 87' lang='lat' dir='ltr'>statui</span> <span class='ocrx_word' id='word_1_60' title='bbox 1171 1340 1371 1428; x_wconf 76' lang='lat' dir='ltr'>res-gestas</span> <span class='ocrx_word' id='word_1_61' title='bbox 1401 1325 1538 1428; x_wconf 91' lang='lat' dir='ltr'>populi</span> <span class='ocrx_word' id='word_1_62' title='bbox 1568 1326 1731 1400; x_wconf 89' lang='lat' dir='ltr'>Romani</span> <span class='ocrx_word' id='word_1_63' title='bbox 1763 1326 1955 1431; x_wconf 87' lang='lat' dir='ltr'>carptim,</span> <span class='ocrx_word' id='word_1_64' title='bbox 1992 1342 2038 1402; x_wconf 90' lang='lat' dir='ltr'>ut</span> 
     </span>
     <span class='ocr_line' id='line_1_9' title="bbox 627 1448 2037 1559; baseline -0.004 -28"><span class='ocrx_word' id='word_1_65' title='bbox 627 1482 790 1559; x_wconf 84' lang='lat' dir='ltr'>quaeque</span> <span class='ocrx_word' id='word_1_66' title='bbox 808 1455 990 1529; x_wconf 87' lang='lat' dir='ltr'>memoria</span> <span class='ocrx_word' id='word_1_67' title='bbox 1013 1451 1128 1554; x_wconf 90' lang='lat' dir='ltr'>digna</span> <span class='ocrx_word' id='word_1_68' title='bbox 1155 1448 1403 1537; x_wconf 85' lang='lat' dir='ltr'>videbantur,</span> <span class='ocrx_word' id='word_1_69' title='bbox 1428 1448 1684 1551; x_wconf 85' lang='lat' dir='ltr'>perscribere:</span> <span class='ocrx_word' id='word_1_70' title='bbox 1710 1476 1754 1524; x_wconf 92' lang='lat' dir='ltr'>eo</span> <span class='ocrx_word' id='word_1_71' title='bbox 1770 1451 1906 1554; x_wconf 87' lang='lat' dir='ltr'>magis,</span> <span class='ocrx_word' id='word_1_72' title='bbox 1931 1449 2037 1552; x_wconf 86' lang='lat' dir='ltr'>quod</span> 
     </span>
     <span class='ocr_line' id='line_1_10' title="bbox 626 1570 2036 1682; baseline -0.004 -28"><span class='ocrx_word' id='word_1_73' title='bbox 626 1577 724 1654; x_wconf 92' lang='lat' dir='ltr'>mihi</span> <span class='ocrx_word' id='word_1_74' title='bbox 743 1607 764 1652; x_wconf 88' lang='lat' dir='ltr'>a</span> <span class='ocrx_word' id='word_1_75' title='bbox 782 1605 868 1682; x_wconf 91' lang='lat' dir='ltr'>spe,</span> <span class='ocrx_word' id='word_1_76' title='bbox 892 1592 1018 1663; x_wconf 86' lang='lat' dir='ltr'>metu,</span> <span class='ocrx_word' id='word_1_77' title='bbox 1042 1570 1217 1676; x_wconf 86' lang='lat' dir='ltr'>partibus</span> <span class='ocrx_word' id='word_1_78' title='bbox 1242 1570 1465 1671; x_wconf 69' lang='lat' dir='ltr'>reipublicae</span> <span class='ocrx_word' id='word_1_79' title='bbox 1485 1571 1637 1645; x_wconf 86' lang='lat' dir='ltr'>animus</span> <span class='ocrx_word' id='word_1_80' title='bbox 1658 1571 1756 1646; x_wconf 87' lang='lat' dir='ltr'>liber</span> <span class='ocrx_word' id='word_1_81' title='bbox 1780 1591 1868 1647; x_wconf 86' lang='lat' dir='ltr'>erat</span> <span class='ocrx_word' id='word_1_82' title='bbox 1910 1575 2036 1678; x_wconf 78' lang='lat' dir='ltr'>Igitur</span> 
     </span>
     <span class='ocr_line' id='line_1_11' title="bbox 621 1694 2036 1798; baseline -0.005 -21"><span class='ocrx_word' id='word_1_83' title='bbox 621 1702 674 1778; x_wconf 91' lang='lat' dir='ltr'>de</span> <span class='ocrx_word' id='word_1_84' title='bbox 696 1701 871 1777; x_wconf 74' lang='lat' dir='ltr'>Catilinae</span> <span class='ocrx_word' id='word_1_85' title='bbox 900 1694 1184 1780; x_wconf 88' lang='lat' dir='ltr'>coniuratione,</span> <span class='ocrx_word' id='word_1_86' title='bbox 1210 1718 1329 1793; x_wconf 89' lang='lat' dir='ltr'>quam</span> <span class='ocrx_word' id='word_1_87' title='bbox 1351 1694 1554 1768; x_wconf 86' lang='lat' dir='ltr'>verissume</span> <span class='ocrx_word' id='word_1_88' title='bbox 1580 1709 1732 1798; x_wconf 88' lang='lat' dir='ltr'>potero,</span> <span class='ocrx_word' id='word_1_89' title='bbox 1758 1696 1889 1798; x_wconf 86' lang='lat' dir='ltr'>paucis</span> <span class='ocrx_word' id='word_1_90' title='bbox 1914 1697 2036 1772; x_wconf 80' lang='lat' dir='ltr'>absol-</span> 
     </span>
     <span class='ocr_line' id='line_1_12' title="bbox 627 1814 2038 1918; baseline -0.002 -20"><span class='ocrx_word' id='word_1_91' title='bbox 627 1851 722 1899; x_wconf 82' lang='lat' dir='ltr'>vam.</span> <span class='ocrx_word' id='word_1_92' title='bbox 764 1824 863 1896; x_wconf 87' lang='lat' dir='ltr'>Nam</span> <span class='ocrx_word' id='word_1_93' title='bbox 886 1821 926 1896; x_wconf 90' lang='lat' dir='ltr'>id</span> <span class='ocrx_word' id='word_1_94' title='bbox 945 1819 1094 1894; x_wconf 88' lang='lat' dir='ltr'>facinus</span> <span class='ocrx_word' id='word_1_95' title='bbox 1115 1816 1158 1888; x_wconf 89' lang='lat' dir='ltr'>in</span> <span class='ocrx_word' id='word_1_96' title='bbox 1180 1814 1313 1916; x_wconf 91' lang='lat' dir='ltr'>primis</span> <span class='ocrx_word' id='word_1_97' title='bbox 1341 1842 1408 1918; x_wconf 91' lang='lat' dir='ltr'>ego</span> <span class='ocrx_word' id='word_1_98' title='bbox 1428 1818 1675 1894; x_wconf 88' lang='lat' dir='ltr'>memorabile</span> <span class='ocrx_word' id='word_1_99' title='bbox 1693 1818 1896 1909; x_wconf 83' lang='lat' dir='ltr'>existumo,</span> <span class='ocrx_word' id='word_1_100' title='bbox 1924 1819 2038 1896; x_wconf 88' lang='lat' dir='ltr'>scele-</span> 
     </span>
     <span class='ocr_line' id='line_1_13' title="bbox 627 1937 2036 2048; baseline -0.004 -26"><span class='ocrx_word' id='word_1_101' title='bbox 627 1948 679 2026; x_wconf 86' lang='lat' dir='ltr'>ris</span> <span class='ocrx_word' id='word_1_102' title='bbox 698 1962 814 2047; x_wconf 88' lang='lat' dir='ltr'>atque</span> <span class='ocrx_word' id='word_1_103' title='bbox 841 1943 1005 2048; x_wconf 89' lang='lat' dir='ltr'>periculi</span> <span class='ocrx_word' id='word_1_104' title='bbox 1032 1939 1210 2014; x_wconf 86' lang='lat' dir='ltr'>novitate.</span> <span class='ocrx_word' id='word_1_105' title='bbox 1234 1939 1294 2011; x_wconf 91' lang='lat' dir='ltr'>De</span> <span class='ocrx_word' id='word_1_106' title='bbox 1314 1937 1422 2012; x_wconf 90' lang='lat' dir='ltr'>cuius</span> <span class='ocrx_word' id='word_1_107' title='bbox 1443 1937 1610 2015; x_wconf 90' lang='lat' dir='ltr'>hominis</span> <span class='ocrx_word' id='word_1_108' title='bbox 1629 1941 1799 2018; x_wconf 88' lang='lat' dir='ltr'>moribus</span> <span class='ocrx_word' id='word_1_109' title='bbox 1820 1969 1944 2046; x_wconf 86' lang='lat' dir='ltr'>pauca</span> <span class='ocrx_word' id='word_1_110' title='bbox 1957 1943 2036 2048; x_wconf 93' lang='lat' dir='ltr'>pri·</span> 
     </span>
     <span class='ocr_line' id='line_1_14' title="bbox 629 2059 1762 2172; baseline -0.004 -28"><span class='ocrx_word' id='word_1_111' title='bbox 629 2097 673 2152; x_wconf 84' lang='grc' dir='ltr'>ιιι</span> <span class='ocrx_word' id='word_1_112' title='bbox 692 2067 933 2172; x_wconf 84' lang='lat' dir='ltr'>explananda</span> <span class='ocrx_word' id='word_1_113' title='bbox 955 2081 1065 2154; x_wconf 88' lang='lat' dir='ltr'>sunt,</span> <span class='ocrx_word' id='word_1_114' title='bbox 1086 2088 1209 2165; x_wconf 92' lang='lat' dir='ltr'>quam</span> <span class='ocrx_word' id='word_1_115' title='bbox 1226 2059 1384 2136; x_wconf 89' lang='lat' dir='ltr'>initium</span> <span class='ocrx_word' id='word_1_116' title='bbox 1406 2062 1592 2139; x_wconf 89' lang='lat' dir='ltr'>narrandi</span> <span class='ocrx_word' id='word_1_117' title='bbox 1615 2063 1762 2139; x_wconf 85' lang='lat' dir='ltr'>faciam.</span> 
     </span>
    </p>

    <p class='ocr_par' dir='ltr' id='par_1_4' title="bbox 600 2184 2038 2292">
     <span class='ocr_line' id='line_1_15' title="bbox 600 2184 2038 2292; baseline -0.001 -26"><span class='ocrx_word' id='word_1_118' title='bbox 600 2207 623 2266; x_wconf 89' lang='lat'>5·</span> <span class='ocrx_word' id='word_1_119' title='bbox 677 2191 818 2268; x_wconf 84' lang='lat' dir='ltr'>Lucius</span> <span class='ocrx_word' id='word_1_120' title='bbox 848 2190 1013 2266; x_wconf 87' lang='lat' dir='ltr'>Catilina</span> <span class='ocrx_word' id='word_1_121' title='bbox 1034 2184 1156 2262; x_wconf 92' lang='lat' dir='ltr'>nobili</span> <span class='ocrx_word' id='word_1_122' title='bbox 1178 2186 1312 2287; x_wconf 80' lang='lat' dir='ltr'>genere</span> <span class='ocrx_word' id='word_1_123' title='bbox 1334 2202 1466 2275; x_wconf 88' lang='lat' dir='ltr'>natus,</span> <span class='ocrx_word' id='word_1_124' title='bbox 1491 2185 1568 2260; x_wconf 86' lang='lat' dir='ltr'>fuit</span> <span class='ocrx_word' id='word_1_125' title='bbox 1584 2215 1722 2292; x_wconf 90' lang='lat' dir='ltr'>magna</span> <span class='ocrx_word' id='word_1_126' title='bbox 1747 2188 1785 2262; x_wconf 83' lang='lat' dir='ltr'>vi</span> <span class='ocrx_word' id='word_1_127' title='bbox 1806 2203 1845 2263; x_wconf 89' lang='lat' dir='ltr'>et</span> <span class='ocrx_word' id='word_1_128' title='bbox 1862 2189 1983 2265; x_wconf 89' lang='lat' dir='ltr'>animi</span> <span class='ocrx_word' id='word_1_129' title='bbox 1998 2206 2038 2264; x_wconf 91' lang='lat' dir='ltr'>et</span> 
     </span>
    </p>
   </div>
   <div class='ocr_carea' id='block_1_3' title="bbox 624 2307 2173 2428">
    <p class='ocr_par' dir='ltr' id='par_1_5' title="bbox 624 2307 2173 2428">
     <span class='ocr_line' id='line_1_16' title="bbox 624 2307 2173 2428; baseline -0.005 -36"><span class='ocrx_word' id='word_1_130' title='bbox 624 2316 806 2418; x_wconf 85' lang='lat' dir='ltr'>corporis,</span> <span class='ocrx_word' id='word_1_131' title='bbox 823 2315 886 2388; x_wconf 88' lang='lat' dir='ltr'>sed</span> <span class='ocrx_word' id='word_1_132' title='bbox 901 2311 1054 2428; x_wconf 81' lang='lat' dir='ltr'>ingenio</span> <span class='ocrx_word' id='word_1_133' title='bbox 1069 2307 1171 2382; x_wconf 86' lang='lat' dir='ltr'>malo</span> <span class='ocrx_word' id='word_1_134' title='bbox 1184 2333 1385 2410; x_wconf 86' lang='lat' dir='ltr'>pravoque.</span> <span class='ocrx_word' id='word_1_135' title='bbox 1410 2307 1512 2382; x_wconf 91' lang='lat' dir='ltr'>Huic</span> <span class='ocrx_word' id='word_1_136' title='bbox 1530 2309 1579 2382; x_wconf 87' lang='lat' dir='ltr'>ab</span> <span class='ocrx_word' id='word_1_137' title='bbox 1593 2309 1847 2386; x_wconf 88' lang='lat' dir='ltr'>adulescentia</span> <span class='ocrx_word' id='word_1_138' title='bbox 1862 2311 1963 2387; x_wconf 89' lang='lat' dir='ltr'>bella</span> <span class='ocrx_word' id='word_1_139' title='bbox 1977 2313 2036 2388; x_wconf 91' lang='lat' dir='ltr'>in·</span> <span class='ocrx_word' id='word_1_140' title='bbox 2164 2401 2173 2414; x_wconf 69' lang='lat'>.</span> 
     </span>
    </p>
   </div>
   <div class='ocr_carea' id='block_1_4' title="bbox 628 2429 2036 2540">
    <p class='ocr_par' dir='ltr' id='par_1_6' title="bbox 628 2429 2036 2540">
     <span class='ocr_line' id='line_1_17' title="bbox 628 2429 2036 2540; baseline -0.004 -24"><span class='ocrx_word' id='word_1_141' title='bbox 628 2439 784 2529; x_wconf 75' lang='lat' dir='ltr'>teatina,</span> <span class='ocrx_word' id='word_1_142' title='bbox 808 2436 946 2526; x_wconf 86' lang='lat' dir='ltr'>caedes,</span> <span class='ocrx_word' id='word_1_143' title='bbox 972 2434 1149 2539; x_wconf 86' lang='lat' dir='ltr'>rapinae,</span> <span class='ocrx_word' id='word_1_144' title='bbox 1176 2429 1363 2505; x_wconf 87' lang='lat' dir='ltr'>discordia</span> <span class='ocrx_word' id='word_1_145' title='bbox 1390 2431 1509 2507; x_wconf 89' lang='lat' dir='ltr'>civilis</span> <span class='ocrx_word' id='word_1_146' title='bbox 1527 2450 1634 2538; x_wconf 87' lang='lat' dir='ltr'>grata</span> <span class='ocrx_word' id='word_1_147' title='bbox 1654 2433 1760 2509; x_wconf 86' lang='lat' dir='ltr'>fuere</span> <span class='ocrx_word' id='word_1_148' title='bbox 1785 2468 1793 2508; x_wconf 89' lang='lat'>:</span> <span class='ocrx_word' id='word_1_149' title='bbox 1818 2434 1949 2538; x_wconf 78' lang='lat' dir='ltr'>ibique</span> <span class='ocrx_word' id='word_1_150' title='bbox 1975 2436 2036 2540; x_wconf 91' lang='lat' dir='ltr'>ju·</span> 
     </span>
    </p>
   </div>
   <div class='ocr_carea' id='block_1_5' title="bbox 619 2615 2036 3444">
    <p class='ocr_par' dir='ltr' id='par_1_7' title="bbox 619 2615 2036 3444">
     <span class='ocr_line' id='line_1_18' title="bbox 626 2615 2035 2712; baseline -0.003 -16"><span class='ocrx_word' id='word_1_151' title='bbox 626 2635 700 2696; x_wconf 87' lang='lat' dir='ltr'>bric.</span> <span class='ocrx_word' id='word_1_152' title='bbox 719 2657 745 2695; x_wconf 92' lang='grc' dir='ltr'>ι.</span> <span class='ocrx_word' id='word_1_153' title='bbox 759 2655 786 2694; x_wconf 81' lang='grc' dir='ltr'>ι.</span> <span class='ocrx_word' id='word_1_154' title='bbox 802 2635 899 2692; x_wconf 82' lang='lat' dir='ltr'>Sonat.</span> <span class='ocrx_word' id='word_1_155' title='bbox 925 2653 950 2691; x_wconf 92' lang='grc' dir='ltr'>ι.</span> <span class='ocrx_word' id='word_1_156' title='bbox 981 2631 1081 2691; x_wconf 85' lang='lat' dir='ltr'>Vinar.</span> <span class='ocrx_word' id='word_1_157' title='bbox 1106 2650 1132 2687; x_wconf 90' lang='grc' dir='ltr'>ι.</span> <span class='ocrx_word' id='word_1_158' title='bbox 1161 2615 1296 2692; x_wconf 61' lang='lat' dir='ltr'>advorsa.</span> <span class='ocrx_word' id='word_1_159' title='bbox 1323 2629 1430 2688; x_wconf 88' lang='lat' dir='ltr'>Incert.</span> <span class='ocrx_word' id='word_1_160' title='bbox 1448 2640 1585 2712; x_wconf 86' lang='lat' dir='ltr'>uterque;</span> <span class='ocrx_word' id='word_1_161' title='bbox 1608 2651 1711 2690; x_wconf 85' lang='lat' dir='ltr'>omnes</span> <span class='ocrx_word' id='word_1_162' title='bbox 1728 2632 1786 2690; x_wconf 88' lang='lat' dir='ltr'>mei</span> <span class='ocrx_word' id='word_1_163' title='bbox 1805 2633 1928 2694; x_wconf 74' lang='lat' dir='ltr'>adversa</span> <span class='ocrx_word' id='word_1_164' title='bbox 1948 2642 2035 2692; x_wconf 88' lang='lat' dir='ltr'>tuen·</span> 
     </span>
     <span class='ocr_line' id='line_1_19' title="bbox 619 2732 2035 2814; baseline -0.003 -14"><span class='ocrx_word' id='word_1_165' title='bbox 619 2751 685 2801; x_wconf 77' lang='lat' dir='ltr'>tur.</span> <span class='ocrx_word' id='word_1_166' title='bbox 706 2739 800 2800; x_wconf 77' lang='lat' dir='ltr'>mulla</span> <span class='ocrx_word' id='word_1_167' title='bbox 814 2739 946 2798; x_wconf 78' lang='lat' dir='ltr'>adversa.</span> <span class='ocrx_word' id='word_1_168' title='bbox 964 2735 1044 2795; x_wconf 85' lang='lat' dir='ltr'>Leid.</span> <span class='ocrx_word' id='word_1_169' title='bbox 1064 2756 1091 2793; x_wconf 90' lang='lat' dir='ltr'>a.</span> <span class='ocrx_word' id='word_1_170' title='bbox 1112 2756 1138 2794; x_wconf 88' lang='lat' dir='ltr'>c.</span> <span class='ocrx_word' id='word_1_171' title='bbox 1159 2736 1190 2794; x_wconf 92' lang='lat' dir='ltr'>d.</span> <span class='ocrx_word' id='word_1_172' title='bbox 1208 2757 1233 2795; x_wconf 85' lang='lat' dir='ltr'>e.</span> <span class='ocrx_word' id='word_1_173' title='bbox 1251 2736 1272 2794; x_wconf 88' lang='lat' dir='ltr'>l.</span> <span class='ocrx_word' id='word_1_174' title='bbox 1287 2755 1316 2814; x_wconf 86' lang='lat' dir='ltr'>g.</span> <span class='ocrx_word' id='word_1_175' title='bbox 1330 2732 1362 2793; x_wconf 88' lang='lat' dir='ltr'>h.</span> <span class='ocrx_word' id='word_1_176' title='bbox 1378 2735 1398 2793; x_wconf 92' lang='lat' dir='ltr'>i.</span> <span class='ocrx_word' id='word_1_177' title='bbox 1416 2736 1444 2793; x_wconf 88' lang='lat' dir='ltr'>k.</span> <span class='ocrx_word' id='word_1_178' title='bbox 1465 2755 1496 2792; x_wconf 91' lang='grc' dir='ltr'>ιι.</span> <span class='ocrx_word' id='word_1_179' title='bbox 1522 2734 1585 2794; x_wconf 84' lang='lat' dir='ltr'>Bas.</span> <span class='ocrx_word' id='word_1_180' title='bbox 1604 2755 1631 2792; x_wconf 90' lang='lat'>1.</span> <span class='ocrx_word' id='word_1_181' title='bbox 1647 2753 1675 2794; x_wconf 82' lang='lat'>2.</span> <span class='ocrx_word' id='word_1_182' title='bbox 1690 2734 1719 2805; x_wconf 72' lang='lat' dir='ltr'>d.</span> <span class='ocrx_word' id='word_1_183' title='bbox 1742 2734 1839 2795; x_wconf 82' lang='lat' dir='ltr'>Turio.</span> <span class='ocrx_word' id='word_1_184' title='bbox 1858 2757 1884 2795; x_wconf 93' lang='grc' dir='ltr'>ι.</span> <span class='ocrx_word' id='word_1_185' title='bbox 1899 2757 1928 2797; x_wconf 81' lang='lat'>2.</span> <span class='ocrx_word' id='word_1_186' title='bbox 1948 2735 2035 2798; x_wconf 84' lang='lat' dir='ltr'>Bcrn.</span> 
     </span>
     <span class='ocr_line' id='line_1_20' title="bbox 628 2819 2035 2926; baseline -0.003 -24"><span class='ocrx_word' id='word_1_187' title='bbox 628 2867 657 2907; x_wconf 69' lang='grc' dir='ltr'>ι.</span> <span class='ocrx_word' id='word_1_188' title='bbox 678 2845 707 2906; x_wconf 89' lang='grc'><strong>3.</strong></span> <span class='ocrx_word' id='word_1_189' title='bbox 728 2845 796 2926; x_wconf 87' lang='lat' dir='ltr'>Teg.</span> <span class='ocrx_word' id='word_1_190' title='bbox 819 2842 913 2901; x_wconf 80' lang='lat' dir='ltr'>multa</span> <span class='ocrx_word' id='word_1_191' title='bbox 930 2839 1007 2898; x_wconf 83' lang='lat' dir='ltr'>mihi</span> <span class='ocrx_word' id='word_1_192' title='bbox 1022 2841 1154 2898; x_wconf 72' lang='lat' dir='ltr'>adversa.</span> <span class='ocrx_word' id='word_1_193' title='bbox 1176 2819 1256 2898; x_wconf 72' lang='lat' dir='ltr'>leid.</span> <span class='ocrx_word' id='word_1_194' title='bbox 1273 2841 1294 2897; x_wconf 96' lang='lat' dir='ltr'>l.</span> <span class='ocrx_word' id='word_1_195' title='bbox 1318 2838 1366 2896; x_wconf 91' lang='lat' dir='ltr'>ad.</span> <span class='ocrx_word' id='word_1_196' title='bbox 1388 2836 1440 2896; x_wconf 85' lang='lat' dir='ltr'>mi.</span> <span class='ocrx_word' id='word_1_197' title='bbox 1457 2857 1519 2904; x_wconf 74' lang='grc' dir='ltr'><strong>ιιιιι.</strong></span> <span class='ocrx_word' id='word_1_198' title='bbox 1545 2837 1608 2901; x_wconf 80' lang='lat' dir='ltr'>Bos.</span> <span class='ocrx_word' id='word_1_199' title='bbox 1630 2837 1659 2898; x_wconf 91' lang='lat'>3.</span> <span class='ocrx_word' id='word_1_200' title='bbox 1691 2840 1786 2900; x_wconf 80' lang='lat' dir='ltr'>mulla</span> <span class='ocrx_word' id='word_1_201' title='bbox 1804 2843 1925 2910; x_wconf 64' lang='lat' dir='ltr'>merso</span> <span class='ocrx_word' id='word_1_202' title='bbox 1950 2840 2035 2901; x_wconf 82' lang='lat' dir='ltr'>milti.</span> 
     </span>
     <span class='ocr_line' id='line_1_21' title="bbox 626 2941 2034 3029; baseline -0.002 -21"><span class='ocrx_word' id='word_1_203' title='bbox 626 2949 686 3008; x_wconf 85' lang='lat' dir='ltr'>Erl.</span> <span class='ocrx_word' id='word_1_204' title='bbox 712 2945 915 3029; x_wconf 70' lang='lat' dir='ltr'>quammulta</span> <span class='ocrx_word' id='word_1_205' title='bbox 928 2944 1060 3004; x_wconf 76' lang='lat' dir='ltr'>advorso</span> <span class='ocrx_word' id='word_1_206' title='bbox 1075 2941 1262 3002; x_wconf 87' lang='lat' dir='ltr'>scribendum</span> <span class='ocrx_word' id='word_1_207' title='bbox 1282 2961 1393 3002; x_wconf 83' lang='lat' dir='ltr'>censeo.</span> <span class='ocrx_word' id='word_1_208' title='bbox 1422 2941 1653 3020; x_wconf 62' lang='lat' dir='ltr'>obreliquerunt</span> <span class='ocrx_word' id='word_1_209' title='bbox 1674 2944 1760 3004; x_wconf 81' lang='lat' dir='ltr'>malis</span> <span class='ocrx_word' id='word_1_210' title='bbox 1775 2945 1912 3006; x_wconf 81' lang='lat' dir='ltr'>moribus.</span> <span class='ocrx_word' id='word_1_211' title='bbox 1932 2945 1995 3007; x_wconf 82' lang='lat' dir='ltr'>Bas.</span> <span class='ocrx_word' id='word_1_212' title='bbox 2008 2968 2034 3006; x_wconf 93' lang='grc' dir='ltr'>ι.</span> 
     </span>
     <span class='ocr_line' id='line_1_22' title="bbox 629 3043 2034 3132; baseline -0.002 -19"><span class='ocrx_word' id='word_1_213' title='bbox 629 3075 656 3113; x_wconf 81' lang='lat'>2.</span> <span class='ocrx_word' id='word_1_214' title='bbox 669 3053 698 3113; x_wconf 86' lang='lat'>3.</span> <span class='ocrx_word' id='word_1_215' title='bbox 713 3053 742 3123; x_wconf 72' lang='grc'><strong>4.</strong></span> <span class='ocrx_word' id='word_1_216' title='bbox 765 3051 849 3110; x_wconf 87' lang='lat' dir='ltr'>Paris.</span> <span class='ocrx_word' id='word_1_217' title='bbox 865 3071 891 3108; x_wconf 91' lang='lat' dir='ltr'>c.</span> <span class='ocrx_word' id='word_1_218' title='bbox 913 3048 1011 3107; x_wconf 89' lang='lat' dir='ltr'>Turic.</span> <span class='ocrx_word' id='word_1_219' title='bbox 1030 3068 1055 3105; x_wconf 86' lang='lat'>1.</span> <span class='ocrx_word' id='word_1_220' title='bbox 1074 3067 1114 3104; x_wconf 88' lang='lat' dir='ltr'>m.</span> <span class='ocrx_word' id='word_1_221' title='bbox 1132 3066 1179 3125; x_wconf 86' lang='lat' dir='ltr'>pr.</span> <span class='ocrx_word' id='word_1_222' title='bbox 1198 3045 1278 3104; x_wconf 88' lang='lat' dir='ltr'>Leid.</span> <span class='ocrx_word' id='word_1_223' title='bbox 1301 3047 1322 3105; x_wconf 95' lang='lat' dir='ltr'>l.</span> <span class='ocrx_word' id='word_1_224' title='bbox 1342 3045 1371 3104; x_wconf 92' lang='lat' dir='ltr'>b.</span> <span class='ocrx_word' id='word_1_225' title='bbox 1387 3067 1416 3128; x_wconf 81' lang='lat' dir='ltr'>g.</span> <span class='ocrx_word' id='word_1_226' title='bbox 1431 3043 1463 3104; x_wconf 89' lang='lat' dir='ltr'>b.</span> <span class='ocrx_word' id='word_1_227' title='bbox 1476 3047 1497 3105; x_wconf 93' lang='lat' dir='ltr'>i.</span> <span class='ocrx_word' id='word_1_228' title='bbox 1511 3067 1542 3106; x_wconf 91' lang='lat' dir='ltr'>n.</span> <span class='ocrx_word' id='word_1_229' title='bbox 1560 3045 1646 3107; x_wconf 82' lang='lat' dir='ltr'>Fabr.</span> <span class='ocrx_word' id='word_1_230' title='bbox 1666 3059 1760 3132; x_wconf 87' lang='lat' dir='ltr'>uterq.</span> <span class='ocrx_word' id='word_1_231' title='bbox 1785 3050 1906 3112; x_wconf 80' lang='lat' dir='ltr'>Eccard.</span> <span class='ocrx_word' id='word_1_232' title='bbox 1937 3051 2034 3111; x_wconf 77' lang='lat' dir='ltr'>Senot.</span> 
     </span>
     <span class='ocr_line' id='line_1_23' title="bbox 626 3149 2034 3238; baseline -0.003 -18"><span class='ocrx_word' id='word_1_233' title='bbox 626 3169 721 3238; x_wconf 82' lang='lat' dir='ltr'>uterq.</span> <span class='ocrx_word' id='word_1_234' title='bbox 735 3156 824 3216; x_wconf 78' lang='lat' dir='ltr'>dead.</span> <span class='ocrx_word' id='word_1_235' title='bbox 839 3155 939 3212; x_wconf 78' lang='lat' dir='ltr'>Hense.</span> <span class='ocrx_word' id='word_1_236' title='bbox 950 3153 1051 3213; x_wconf 83' lang='lat' dir='ltr'>Vinar.</span> <span class='ocrx_word' id='word_1_237' title='bbox 1070 3150 1168 3209; x_wconf 86' lang='lat' dir='ltr'>Guelf.</span> <span class='ocrx_word' id='word_1_238' title='bbox 1183 3171 1208 3209; x_wconf 94' lang='grc' dir='ltr'>ι.</span> <span class='ocrx_word' id='word_1_239' title='bbox 1226 3171 1254 3210; x_wconf 81' lang='lat' dir='ltr'>a.</span> <span class='ocrx_word' id='word_1_240' title='bbox 1268 3150 1297 3221; x_wconf 72' lang='lat' dir='ltr'>d,</span> <span class='ocrx_word' id='word_1_241' title='bbox 1312 3151 1341 3214; x_wconf 87' lang='grc'>5.</span> <span class='ocrx_word' id='word_1_242' title='bbox 1362 3151 1446 3210; x_wconf 82' lang='lat' dir='ltr'>Rem.</span> <span class='ocrx_word' id='word_1_243' title='bbox 1462 3169 1490 3210; x_wconf 83' lang='lat'>2.</span> <span class='ocrx_word' id='word_1_244' title='bbox 1509 3149 1626 3211; x_wconf 85' lang='lat' dir='ltr'>Gruteri</span> <span class='ocrx_word' id='word_1_245' title='bbox 1645 3154 1787 3214; x_wconf 86' lang='lat' dir='ltr'>meliores.</span> <span class='ocrx_word' id='word_1_246' title='bbox 1803 3153 1901 3214; x_wconf 81' lang='lat' dir='ltr'>Penrb.</span> <span class='ocrx_word' id='word_1_247' title='bbox 1916 3154 1980 3216; x_wconf 88' lang='lat' dir='ltr'>Lib.</span> <span class='ocrx_word' id='word_1_248' title='bbox 1993 3155 2034 3216; x_wconf 81' lang='lat' dir='ltr'>II.</span> 
     </span>
     <span class='ocr_line' id='line_1_24' title="bbox 623 3253 2036 3342; baseline -0.001 -21"><span class='ocrx_word' id='word_1_249' title='bbox 623 3275 656 3341; x_wconf 85' lang='lat' dir='ltr'>¹et</span> <span class='ocrx_word' id='word_1_250' title='bbox 673 3263 815 3330; x_wconf 77' lang='lat' dir='ltr'>Markiir.</span> <span class='ocrx_word' id='word_1_251' title='bbox 832 3283 872 3318; x_wconf 92' lang='lat' dir='ltr'>m.</span> <span class='ocrx_word' id='word_1_252' title='bbox 885 3279 931 3340; x_wconf 91' lang='lat' dir='ltr'>pr.</span> <span class='ocrx_word' id='word_1_253' title='bbox 954 3256 1111 3316; x_wconf 66' lang='lat' dir='ltr'>emebant.</span> <span class='ocrx_word' id='word_1_254' title='bbox 1131 3255 1211 3316; x_wconf 85' lang='lat' dir='ltr'>Leid.</span> <span class='ocrx_word' id='word_1_255' title='bbox 1226 3278 1252 3314; x_wconf 87' lang='lat' dir='ltr'>a.</span> <span class='ocrx_word' id='word_1_256' title='bbox 1265 3254 1294 3314; x_wconf 90' lang='lat' dir='ltr'>b.</span> <span class='ocrx_word' id='word_1_257' title='bbox 1309 3253 1342 3314; x_wconf 90' lang='lat' dir='ltr'>b.</span> <span class='ocrx_word' id='word_1_258' title='bbox 1363 3255 1448 3315; x_wconf 87' lang='lat' dir='ltr'>Paris.</span> <span class='ocrx_word' id='word_1_259' title='bbox 1466 3276 1493 3315; x_wconf 89' lang='lat' dir='ltr'>a.</span> <span class='ocrx_word' id='word_1_260' title='bbox 1515 3257 1627 3330; x_wconf 78' lang='lat' dir='ltr'>eadem,</span> <span class='ocrx_word' id='word_1_261' title='bbox 1645 3277 1703 3336; x_wconf 82' lang='lat' dir='ltr'>qua</span> <span class='ocrx_word' id='word_1_262' title='bbox 1719 3261 1838 3342; x_wconf 87' lang='lat' dir='ltr'>corrigit</span> <span class='ocrx_word' id='word_1_263' title='bbox 1851 3258 2036 3319; x_wconf 72' lang='lat' dir='ltr'>latinnsba-</span> 
     </span>
     <span class='ocr_line' id='line_1_25' title="bbox 628 3359 1749 3444; baseline -0.004 -15"><span class='ocrx_word' id='word_1_264' title='bbox 628 3369 717 3429; x_wconf 81' lang='lat' dir='ltr'>tinius</span> <span class='ocrx_word' id='word_1_265' title='bbox 738 3365 782 3444; x_wconf 81' lang='lat' dir='ltr'>(in</span> <span class='ocrx_word' id='word_1_266' title='bbox 797 3360 937 3423; x_wconf 78' lang='lat' dir='ltr'>biblioth.</span> <span class='ocrx_word' id='word_1_267' title='bbox 950 3381 1021 3424; x_wconf 80' lang='lat' dir='ltr'>sacr.</span> <span class='ocrx_word' id='word_1_268' title='bbox 1045 3370 1073 3421; x_wconf 90' lang='lat' dir='ltr'>et</span> <span class='ocrx_word' id='word_1_269' title='bbox 1088 3360 1204 3440; x_wconf 83' lang='lat' dir='ltr'>profan.</span> <span class='ocrx_word' id='word_1_270' title='bbox 1222 3359 1333 3425; x_wconf 81' lang='lat' dir='ltr'>Romae</span> <span class='ocrx_word' id='word_1_271' title='bbox 1351 3361 1438 3442; x_wconf 74' lang='grc' dir='ltr'><strong>ιδῃ.</strong></span> <span class='ocrx_word' id='word_1_272' title='bbox 1455 3359 1529 3420; x_wconf 89' lang='lat' dir='ltr'>Part.</span> <span class='ocrx_word' id='word_1_273' title='bbox 1547 3360 1586 3420; x_wconf 89' lang='lat' dir='ltr'>H.</span> <span class='ocrx_word' id='word_1_274' title='bbox 1606 3383 1674 3444; x_wconf 84' lang='lat' dir='ltr'>pag.</span> <span class='ocrx_word' id='word_1_275' title='bbox 1688 3361 1749 3442; x_wconf 86' lang='grc'><strong>38.)</strong></span> 
     </span>
    </p>
   </div>
   <div class='ocr_carea' id='block_1_6' title="bbox 628 3487 2033 3772">
    <p class='ocr_par' dir='ltr' id='par_1_8' title="bbox 628 3487 2033 3772">
     <span class='ocr_line' id='line_1_26' title="bbox 692 3487 2033 3578; baseline 0 -24"><span class='ocrx_word' id='word_1_276' title='bbox 692 3490 766 3573; x_wconf 87' lang='lat' dir='ltr'>Cap.</span> <span class='ocrx_word' id='word_1_277' title='bbox 781 3491 810 3563; x_wconf 73' lang='lat' dir='ltr'>d.</span> <span class='ocrx_word' id='word_1_278' title='bbox 830 3489 978 3551; x_wconf 82' lang='lat' dir='ltr'>socordia.</span> <span class='ocrx_word' id='word_1_279' title='bbox 996 3489 1129 3548; x_wconf 78' lang='lat' dir='ltr'>meliores</span> <span class='ocrx_word' id='word_1_280' title='bbox 1144 3487 1223 3547; x_wconf 88' lang='lat' dir='ltr'>libri.</span> <span class='ocrx_word' id='word_1_281' title='bbox 1241 3489 1376 3550; x_wconf 82' lang='lat' dir='ltr'>secordia</span> <span class='ocrx_word' id='word_1_282' title='bbox 1395 3509 1429 3549; x_wconf 83' lang='lat' dir='ltr'>ex</span> <span class='ocrx_word' id='word_1_283' title='bbox 1444 3489 1525 3549; x_wconf 82' lang='lat' dir='ltr'>meis.</span> <span class='ocrx_word' id='word_1_284' title='bbox 1540 3490 1624 3550; x_wconf 87' lang='lat' dir='ltr'>Basil.</span> <span class='ocrx_word' id='word_1_285' title='bbox 1642 3511 1671 3551; x_wconf 77' lang='lat' dir='ltr'>a.</span> <span class='ocrx_word' id='word_1_286' title='bbox 1688 3491 1717 3552; x_wconf 89' lang='lat'>3.</span> <span class='ocrx_word' id='word_1_287' title='bbox 1735 3491 1816 3552; x_wconf 81' lang='lat' dir='ltr'>leid.</span> <span class='ocrx_word' id='word_1_288' title='bbox 1833 3514 1860 3552; x_wconf 82' lang='lat' dir='ltr'>a.</span> <span class='ocrx_word' id='word_1_289' title='bbox 1876 3491 1907 3552; x_wconf 89' lang='lat' dir='ltr'>b.</span> <span class='ocrx_word' id='word_1_290' title='bbox 1925 3515 1951 3554; x_wconf 84' lang='lat' dir='ltr'>c.</span> <span class='ocrx_word' id='word_1_291' title='bbox 1967 3495 1987 3553; x_wconf 85' lang='lat' dir='ltr'>l.</span> <span class='ocrx_word' id='word_1_292' title='bbox 2003 3515 2033 3578; x_wconf 81' lang='lat' dir='ltr'>g.</span> 
     </span>
     <span class='ocr_line' id='line_1_27' title="bbox 628 3591 2032 3679; baseline -0.001 -19"><span class='ocrx_word' id='word_1_293' title='bbox 628 3600 660 3660; x_wconf 84' lang='lat' dir='ltr'>h.</span> <span class='ocrx_word' id='word_1_294' title='bbox 681 3617 723 3659; x_wconf 87' lang='lat' dir='ltr'>m.</span> <span class='ocrx_word' id='word_1_295' title='bbox 738 3619 769 3657; x_wconf 98' lang='grc' dir='ltr'>ιι.</span> <span class='ocrx_word' id='word_1_296' title='bbox 783 3591 879 3655; x_wconf 82' lang='grc' dir='ltr'><strong>Τιιιίο.</strong></span> <span class='ocrx_word' id='word_1_297' title='bbox 895 3608 923 3646; x_wconf 86' lang='lat'>2·</span> <span class='ocrx_word' id='word_1_298' title='bbox 937 3591 1023 3652; x_wconf 86' lang='lat' dir='ltr'>Bern.</span> <span class='ocrx_word' id='word_1_299' title='bbox 1043 3614 1072 3653; x_wconf 80' lang='lat' dir='ltr'>a.</span> <span class='ocrx_word' id='word_1_300' title='bbox 1094 3613 1114 3652; x_wconf 84' lang='grc' dir='ltr'><em>α</em></span> <span class='ocrx_word' id='word_1_301' title='bbox 1138 3612 1194 3670; x_wconf 82' lang='lat' dir='ltr'>quo</span> <span class='ocrx_word' id='word_1_302' title='bbox 1220 3592 1333 3672; x_wconf 74' lang='lat' dir='ltr'>incepto</span> <span class='ocrx_word' id='word_1_303' title='bbox 1353 3593 1462 3654; x_wconf 79' lang='lat' dir='ltr'>studio.</span> <span class='ocrx_word' id='word_1_304' title='bbox 1476 3594 1546 3655; x_wconf 84' lang='lat' dir='ltr'>·Inc.</span> <span class='ocrx_word' id='word_1_305' title='bbox 1565 3616 1590 3654; x_wconf 96' lang='grc' dir='ltr'>ι.</span> <span class='ocrx_word' id='word_1_306' title='bbox 1606 3594 1703 3656; x_wconf 86' lang='lat' dir='ltr'>Guell.</span> <span class='ocrx_word' id='word_1_307' title='bbox 1722 3596 1752 3658; x_wconf 96' lang='lat'>3.</span> <span class='ocrx_word' id='word_1_308' title='bbox 1773 3620 1801 3679; x_wconf 86' lang='lat'>7.</span> <span class='ocrx_word' id='word_1_309' title='bbox 1818 3599 1847 3658; x_wconf 92' lang='lat'>8.</span> <span class='ocrx_word' id='word_1_310' title='bbox 1866 3619 1895 3678; x_wconf 79' lang='lat'>9.</span> <span class='ocrx_word' id='word_1_311' title='bbox 1916 3620 1963 3658; x_wconf 93' lang='grc' dir='ltr'>ιο.</span> <span class='ocrx_word' id='word_1_312' title='bbox 1986 3621 2032 3658; x_wconf 87' lang='grc' dir='ltr'>ιι.</span> 
     </span>
     <span class='ocr_line' id='line_1_28' title="bbox 631 3693 2032 3772; baseline 0.001 -9"><span class='ocrx_word' id='word_1_313' title='bbox 631 3725 678 3767; x_wconf 83' lang='lat' dir='ltr'>n.</span> <span class='ocrx_word' id='word_1_314' title='bbox 700 3703 819 3770; x_wconf 82' lang='lat' dir='ltr'>Parisini</span> <span class='ocrx_word' id='word_1_315' title='bbox 839 3699 936 3760; x_wconf 90' lang='lat' dir='ltr'>credo.</span> <span class='ocrx_word' id='word_1_316' title='bbox 953 3697 1073 3757; x_wconf 86' lang='lat' dir='ltr'>Eccard.</span> <span class='ocrx_word' id='word_1_317' title='bbox 1085 3695 1174 3756; x_wconf 83' lang='lat' dir='ltr'>dead.</span> <span class='ocrx_word' id='word_1_318' title='bbox 1191 3693 1274 3756; x_wconf 82' lang='lat' dir='ltr'>Rem.</span> <span class='ocrx_word' id='word_1_319' title='bbox 1295 3717 1320 3756; x_wconf 85' lang='lat'>1.</span> <span class='ocrx_word' id='word_1_320' title='bbox 1336 3697 1437 3757; x_wconf 82' lang='lat' dir='ltr'>Vinar.</span> <span class='ocrx_word' id='word_1_321' title='bbox 1455 3719 1480 3758; x_wconf 93' lang='grc' dir='ltr'>ι.</span> <span class='ocrx_word' id='word_1_322' title='bbox 1495 3699 1558 3758; x_wconf 86' lang='lat' dir='ltr'>Bas.</span> <span class='ocrx_word' id='word_1_323' title='bbox 1573 3701 1603 3772; x_wconf 69' lang='grc'><strong>4.</strong></span> <span class='ocrx_word' id='word_1_324' title='bbox 1621 3701 1681 3760; x_wconf 85' lang='lat' dir='ltr'>Erl.</span> <span class='ocrx_word' id='word_1_325' title='bbox 1691 3701 1760 3762; x_wconf 85' lang='lat' dir='ltr'>Tur.</span> <span class='ocrx_word' id='word_1_326' title='bbox 1770 3723 1798 3763; x_wconf 79' lang='lat' dir='ltr'>a.</span> <span class='ocrx_word' id='word_1_327' title='bbox 1815 3703 1937 3763; x_wconf 73' lang='lat' dir='ltr'>lierni.</span> <span class='ocrx_word' id='word_1_328' title='bbox 1951 3705 2032 3765; x_wconf 82' lang='lat' dir='ltr'>Leid.</span> 
     </span>
    </p>
   </div>
   <div class='ocr_carea' id='block_1_7' title="bbox 624 3777 2100 4400">
    <p class='ocr_par' dir='ltr' id='par_1_9' title="bbox 624 3777 2100 4400">
     <span class='ocr_line' id='line_1_29' title="bbox 627 3777 2033 3894; baseline 0.002 -27"><span class='ocrx_word' id='word_1_329' title='bbox 627 3813 659 3872; x_wconf 80' lang='lat' dir='ltr'>d.</span> <span class='ocrx_word' id='word_1_330' title='bbox 678 3833 707 3894; x_wconf 83' lang='lat' dir='ltr'>g.</span> <span class='ocrx_word' id='word_1_331' title='bbox 721 3807 785 3868; x_wconf 89' lang='lat' dir='ltr'>Lib.</span> <span class='ocrx_word' id='word_1_332' title='bbox 805 3815 866 3866; x_wconf 78' lang='lat' dir='ltr'>aet</span> <span class='ocrx_word' id='word_1_333' title='bbox 877 3803 905 3864; x_wconf 91' lang='lat'>3.</span> <span class='ocrx_word' id='word_1_334' title='bbox 919 3802 1033 3864; x_wconf 83' lang='lat' dir='ltr'>Wassii.</span> <span class='ocrx_word' id='word_1_335' title='bbox 1054 3822 1075 3861; x_wconf 85' lang='lat' dir='ltr'>o</span> <span class='ocrx_word' id='word_1_336' title='bbox 1091 3821 1147 3880; x_wconf 79' lang='lat' dir='ltr'>qtto</span> <span class='ocrx_word' id='word_1_337' title='bbox 1165 3799 1280 3880; x_wconf 66' lang='lat' dir='ltr'>decepto</span> <span class='ocrx_word' id='word_1_338' title='bbox 1295 3777 1456 3880; x_wconf 63' lang='lat' dir='ltr'>studioque,</span> <span class='ocrx_word' id='word_1_339' title='bbox 1476 3803 1538 3863; x_wconf 84' lang='lat' dir='ltr'>Bas.</span> <span class='ocrx_word' id='word_1_340' title='bbox 1560 3825 1586 3863; x_wconf 92' lang='grc' dir='ltr'>ι.</span> <span class='ocrx_word' id='word_1_341' title='bbox 1602 3825 1631 3864; x_wconf 81' lang='lat' dir='ltr'>a.</span> <span class='ocrx_word' id='word_1_342' title='bbox 1651 3804 1681 3866; x_wconf 97' lang='lat'>3.</span> <span class='ocrx_word' id='word_1_343' title='bbox 1701 3805 1783 3867; x_wconf 84' lang='lat' dir='ltr'>Leid.</span> <span class='ocrx_word' id='word_1_344' title='bbox 1802 3810 1823 3868; x_wconf 94' lang='lat' dir='ltr'>l.</span> <span class='ocrx_word' id='word_1_345' title='bbox 1844 3829 1885 3867; x_wconf 90' lang='lat' dir='ltr'>m.</span> <span class='ocrx_word' id='word_1_346' title='bbox 1903 3829 1950 3888; x_wconf 89' lang='lat' dir='ltr'>pr.</span> <span class='ocrx_word' id='word_1_347' title='bbox 1968 3819 2033 3870; x_wconf 69' lang='lat' dir='ltr'>eta.</span> 
     </span>
     <span class='ocr_line' id='line_1_30' title="bbox 629 3904 2100 3990; baseline -0.001 -13"><span class='ocrx_word' id='word_1_348' title='bbox 629 3937 656 3978; x_wconf 88' lang='lat' dir='ltr'>c.</span> <span class='ocrx_word' id='word_1_349' title='bbox 676 3916 696 3974; x_wconf 82' lang='lat' dir='ltr'>f.</span> <span class='ocrx_word' id='word_1_350' title='bbox 712 3916 732 3973; x_wconf 94' lang='lat' dir='ltr'>i.</span> <span class='ocrx_word' id='word_1_351' title='bbox 752 3933 792 3971; x_wconf 89' lang='lat' dir='ltr'>m.</span> <span class='ocrx_word' id='word_1_352' title='bbox 809 3931 840 3968; x_wconf 92' lang='lat' dir='ltr'>n.</span> <span class='ocrx_word' id='word_1_353' title='bbox 861 3908 929 3990; x_wconf 86' lang='lat' dir='ltr'>Teg.</span> <span class='ocrx_word' id='word_1_354' title='bbox 946 3906 1016 3966; x_wconf 82' lang='lat' dir='ltr'>Tur.</span> <span class='ocrx_word' id='word_1_355' title='bbox 1029 3925 1054 3964; x_wconf 95' lang='grc' dir='ltr'>ι.</span> <span class='ocrx_word' id='word_1_356' title='bbox 1073 3904 1141 3966; x_wconf 90' lang='lat' dir='ltr'>libri</span> <span class='ocrx_word' id='word_1_357' title='bbox 1157 3907 1291 3968; x_wconf 87' lang='lat' dir='ltr'>meliores</span> <span class='ocrx_word' id='word_1_358' title='bbox 1308 3905 1425 3968; x_wconf 84' lang='lat' dir='ltr'>Gruteri</span> <span class='ocrx_word' id='word_1_359' title='bbox 1436 3918 1465 3967; x_wconf 88' lang='lat' dir='ltr'>et</span> <span class='ocrx_word' id='word_1_360' title='bbox 1477 3907 1590 3970; x_wconf 80' lang='lat' dir='ltr'>Wassii.</span> <span class='ocrx_word' id='word_1_361' title='bbox 1608 3909 1706 3971; x_wconf 84' lang='lat' dir='ltr'>Guell.</span> <span class='ocrx_word' id='word_1_362' title='bbox 1726 3931 1751 3970; x_wconf 91' lang='grc' dir='ltr'>ι.</span> <span class='ocrx_word' id='word_1_363' title='bbox 1766 3933 1794 3972; x_wconf 83' lang='grc' dir='ltr'>ι.</span> <span class='ocrx_word' id='word_1_364' title='bbox 1814 3913 1843 3982; x_wconf 74' lang='lat' dir='ltr'>l.</span> <span class='ocrx_word' id='word_1_365' title='bbox 1859 3914 1886 3973; x_wconf 82' lang='lat'>5.</span> <span class='ocrx_word' id='word_1_366' title='bbox 1903 3915 1932 3974; x_wconf 86' lang='grc'><strong>6.</strong></span> <span class='ocrx_word' id='word_1_367' title='bbox 1948 3913 2032 3975; x_wconf 78' lang='lat' dir='ltr'>Rem.</span> <span class='ocrx_word' id='word_1_368' title='bbox 2094 3926 2100 3938; x_wconf 89' lang='grc'><strong>’</strong></span> 
     </span>
     <span class='ocr_line' id='line_1_31' title="bbox 624 4009 2033 4098; baseline -0.003 -16"><span class='ocrx_word' id='word_1_369' title='bbox 624 4040 659 4082; x_wconf 75' lang='grc' dir='ltr'>ἰ.</span> <span class='ocrx_word' id='word_1_370' title='bbox 679 4017 793 4078; x_wconf 83' lang='lat' dir='ltr'>Fabric.</span> <span class='ocrx_word' id='word_1_371' title='bbox 813 4015 924 4078; x_wconf 56' lang='lat' dir='ltr'>Vina.</span> <span class='ocrx_word' id='word_1_372' title='bbox 939 4011 1037 4070; x_wconf 74' lang='lat' dir='ltr'>Senot.</span> <span class='ocrx_word' id='word_1_373' title='bbox 1058 4020 1152 4092; x_wconf 84' lang='lat' dir='ltr'>uterq.</span> <span class='ocrx_word' id='word_1_374' title='bbox 1174 4009 1237 4070; x_wconf 83' lang='lat' dir='ltr'>Ine.</span> <span class='ocrx_word' id='word_1_375' title='bbox 1251 4030 1278 4071; x_wconf 82' lang='grc' dir='ltr'>ι.</span> <span class='ocrx_word' id='word_1_376' title='bbox 1299 4011 1380 4072; x_wconf 85' lang='lat' dir='ltr'>Leid.</span> <span class='ocrx_word' id='word_1_377' title='bbox 1399 4011 1430 4071; x_wconf 90' lang='lat' dir='ltr'>b.</span> <span class='ocrx_word' id='word_1_378' title='bbox 1452 4012 1565 4094; x_wconf 83' lang='lat' dir='ltr'>incepto</span> <span class='ocrx_word' id='word_1_379' title='bbox 1578 4017 1685 4074; x_wconf 86' lang='lat' dir='ltr'>omisit.</span> <span class='ocrx_word' id='word_1_380' title='bbox 1708 4015 1789 4080; x_wconf 89' lang='lat' dir='ltr'>Leid.</span> <span class='ocrx_word' id='word_1_381' title='bbox 1806 4015 1837 4083; x_wconf 89' lang='lat' dir='ltr'>h.</span> <span class='ocrx_word' id='word_1_382' title='bbox 1860 4038 1881 4077; x_wconf 84' lang='lat' dir='ltr'>o</span> <span class='ocrx_word' id='word_1_383' title='bbox 1898 4029 2033 4098; x_wconf 69' lang='lat' dir='ltr'>quotm-</span> 
     </span>
     <span class='ocr_line' id='line_1_32' title="bbox 629 4113 2032 4202; baseline 0 -19"><span class='ocrx_word' id='word_1_384' title='bbox 629 4123 681 4183; x_wconf 70' lang='grc' dir='ltr'>ὥσ</span> <span class='ocrx_word' id='word_1_385' title='bbox 699 4122 821 4201; x_wconf 77' lang='lat' dir='ltr'>imepto.</span> <span class='ocrx_word' id='word_1_386' title='bbox 842 4117 924 4178; x_wconf 84' lang='lat' dir='ltr'>mala</span> <span class='ocrx_word' id='word_1_387' title='bbox 938 4135 983 4175; x_wconf 75' lang='lat' dir='ltr'>mc</span> <span class='ocrx_word' id='word_1_388' title='bbox 998 4115 1127 4179; x_wconf 78' lang='lat' dir='ltr'>ambitio.</span> <span class='ocrx_word' id='word_1_389' title='bbox 1150 4113 1235 4180; x_wconf 88' lang='lat' dir='ltr'>Bern.</span> <span class='ocrx_word' id='word_1_390' title='bbox 1252 4137 1277 4179; x_wconf 86' lang='lat'>1.</span> <span class='ocrx_word' id='word_1_391' title='bbox 1306 4117 1387 4174; x_wconf 85' lang='lat' dir='ltr'>molo</span> <span class='ocrx_word' id='word_1_392' title='bbox 1400 4117 1530 4181; x_wconf 72' lang='lat' dir='ltr'>ambitio.</span> <span class='ocrx_word' id='word_1_393' title='bbox 1550 4118 1609 4183; x_wconf 84' lang='lat' dir='ltr'>Erl.</span> <span class='ocrx_word' id='word_1_394' title='bbox 1621 4119 1689 4202; x_wconf 64' lang='grc' dir='ltr'><strong>Τις.</strong></span> <span class='ocrx_word' id='word_1_395' title='bbox 1706 4121 1821 4186; x_wconf 71' lang='lat' dir='ltr'>Leidt.</span> <span class='ocrx_word' id='word_1_396' title='bbox 1838 4145 1879 4188; x_wconf 88' lang='grc' dir='ltr'><strong>ιιι.</strong></span> <span class='ocrx_word' id='word_1_397' title='bbox 1893 4124 1989 4190; x_wconf 77' lang='lat' dir='ltr'>Turie.</span> <span class='ocrx_word' id='word_1_398' title='bbox 2006 4146 2032 4190; x_wconf 90' lang='grc' dir='ltr'>ι.</span> 
     </span>
     <span class='ocr_line' id='line_1_33' title="bbox 630 4219 2033 4304; baseline 0 -16"><span class='ocrx_word' id='word_1_399' title='bbox 630 4225 717 4290; x_wconf 87' lang='lat' dir='ltr'>Bern.</span> <span class='ocrx_word' id='word_1_400' title='bbox 732 4246 759 4288; x_wconf 80' lang='grc' dir='ltr'>ι.</span> <span class='ocrx_word' id='word_1_401' title='bbox 781 4225 814 4284; x_wconf 81' lang='lat' dir='ltr'>in</span> <span class='ocrx_word' id='word_1_402' title='bbox 828 4222 933 4303; x_wconf 74' lang='lat' dir='ltr'>primis</span> <span class='ocrx_word' id='word_1_403' title='bbox 951 4219 1286 4286; x_wconf 76' lang='lat' dir='ltr'>memorabile.1.eid.b.</span> <span class='ocrx_word' id='word_1_404' title='bbox 1302 4221 1332 4285; x_wconf 93' lang='lat' dir='ltr'>d.</span> <span class='ocrx_word' id='word_1_405' title='bbox 1345 4243 1373 4304; x_wconf 81' lang='lat' dir='ltr'>g.</span> <span class='ocrx_word' id='word_1_406' title='bbox 1389 4220 1450 4286; x_wconf 84' lang='lat' dir='ltr'>Bas.</span> <span class='ocrx_word' id='word_1_407' title='bbox 1463 4221 1492 4286; x_wconf 88' lang='lat'>3.</span> <span class='ocrx_word' id='word_1_408' title='bbox 1507 4221 1656 4288; x_wconf 73' lang='lat' dir='ltr'>existumo.</span> <span class='ocrx_word' id='word_1_409' title='bbox 1672 4246 1774 4285; x_wconf 81' lang='lat' dir='ltr'>omnes</span> <span class='ocrx_word' id='word_1_410' title='bbox 1788 4227 1846 4287; x_wconf 82' lang='lat' dir='ltr'>lere</span> <span class='ocrx_word' id='word_1_411' title='bbox 1860 4229 1941 4294; x_wconf 74' lang='lat' dir='ltr'>leid.</span> <span class='ocrx_word' id='word_1_412' title='bbox 1957 4251 2033 4290; x_wconf 83' lang='lat' dir='ltr'>eon-</span> 
     </span>
     <span class='ocr_line' id='line_1_34' title="bbox 625 4324 2031 4400; baseline 0.004 -11"><span class='ocrx_word' id='word_1_413' title='bbox 625 4331 751 4400; x_wconf 60' lang='lat' dir='ltr'>vssrrrure</span> <span class='ocrx_word' id='word_1_414' title='bbox 765 4328 911 4393; x_wconf 77' lang='lat' dir='ltr'>videntur.</span> <span class='ocrx_word' id='word_1_415' title='bbox 933 4347 1003 4386; x_wconf 79' lang='lat' dir='ltr'>nam</span> <span class='ocrx_word' id='word_1_416' title='bbox 1017 4346 1043 4386; x_wconf 82' lang='lat' dir='ltr'>s.</span> <span class='ocrx_word' id='word_1_417' title='bbox 1063 4325 1196 4386; x_wconf 77' lang='lat' dir='ltr'>existimo</span> <span class='ocrx_word' id='word_1_418' title='bbox 1211 4327 1232 4393; x_wconf 83' lang='lat' dir='ltr'>l.</span> <span class='ocrx_word' id='word_1_419' title='bbox 1252 4325 1362 4388; x_wconf 76' lang='lat' dir='ltr'>testimo</span> <span class='ocrx_word' id='word_1_420' title='bbox 1380 4324 1513 4389; x_wconf 77' lang='lat' dir='ltr'>exhibere</span> <span class='ocrx_word' id='word_1_421' title='bbox 1526 4339 1660 4389; x_wconf 75' lang='lat' dir='ltr'>notatum</span> <span class='ocrx_word' id='word_1_422' title='bbox 1681 4339 1732 4394; x_wconf 79' lang='lat' dir='ltr'>est.</span> <span class='ocrx_word' id='word_1_423' title='bbox 1742 4341 1882 4396; x_wconf 74' lang='lat' dir='ltr'>-oestnrna</span> <span class='ocrx_word' id='word_1_424' title='bbox 1901 4333 1985 4399; x_wconf 74' lang='lat' dir='ltr'>Febr.</span> <span class='ocrx_word' id='word_1_425' title='bbox 2003 4355 2031 4399; x_wconf 80' lang='lat' dir='ltr'>a.</span> 
     </span>
    </p>
   </div>
   <div class='ocr_carea' id='block_1_8' title="bbox 0 0 2293 5332">
    <p class='ocr_par' dir='ltr' id='par_1_10' title="bbox 0 0 2293 5332">
     <span class='ocr_line' id='line_1_35' title="bbox 0 0 2293 5332; baseline 0 0"><span class='ocrx_word' id='word_1_426' title='bbox 0 0 2293 5332; x_wconf 95' lang='lat' dir='ltr'> </span> 
     </span>
    </p>
   </div>
  </div>
 </body>
</html>
