<?xml version="1.0" encoding="UTF-8"?>
<!DOCTYPE html PUBLIC "-//W3C//DTD XHTML 1.0 Transitional//EN"
    "http://www.w3.org/TR/xhtml1/DTD/xhtml1-transitional.dtd">
<html xmlns="http://www.w3.org/1999/xhtml" xml:lang="en" lang="en">
 <head>
  <title>
</title>
<meta http-equiv="Content-Type" content="text/html;charset=utf-8" />
  <meta name='ocr-system' content='tesseract 3.04.00' />
  <meta name='ocr-capabilities' content='ocr_page ocr_carea ocr_par ocr_line ocrx_word'/>
</head>
<body>
  <div class='ocr_page' id='page_1' title='image "./ccrispisalustii02sallgoog_0314.png"; bbox 0 0 4542 5318; ppageno 0'>
   <div class='ocr_carea' id='block_1_1' title="bbox 1479 403 1681 484">
    <p class='ocr_par' dir='ltr' id='par_1_1' title="bbox 1479 403 1681 484">
     <span class='ocr_line' id='line_1_1' title="bbox 1479 403 1681 484; baseline 0.02 -28"><span class='ocrx_word' id='word_1_1' title='bbox 1479 437 1480 442; x_wconf 36' lang='lat'><strong>.</strong></span> <span class='ocrx_word' id='word_1_2' title='bbox 1582 403 1681 484; x_wconf 71' lang='lat'><strong>271·</strong></span> 
     </span>
    </p>
   </div>
   <div class='ocr_carea' id='block_1_2' title="bbox 243 559 1676 3733">
    <p class='ocr_par' dir='ltr' id='par_1_2' title="bbox 243 559 1676 3733">
     <span class='ocr_line' id='line_1_2' title="bbox 249 559 1650 666; baseline 0.001 -30"><span class='ocrx_word' id='word_1_3' title='bbox 249 559 454 663; x_wconf 85' lang='lat' dir='ltr'><strong>ceterisque</strong></span> <span class='ocrx_word' id='word_1_4' title='bbox 481 560 648 636; x_wconf 89' lang='lat' dir='ltr'><strong>eiusdem</strong></span> <span class='ocrx_word' id='word_1_5' title='bbox 670 560 861 650; x_wconf 81' lang='lat' dir='ltr'><strong>factionis,</strong></span> <span class='ocrx_word' id='word_1_6' title='bbox 888 559 1142 663; x_wconf 87' lang='lat' dir='ltr'><strong>quadraginta</strong></span> <span class='ocrx_word' id='word_1_7' title='bbox 1160 578 1364 651; x_wconf 73' lang='lat' dir='ltr'>senatores,</span> <span class='ocrx_word' id='word_1_8' title='bbox 1390 561 1503 636; x_wconf 89' lang='lat' dir='ltr'><strong>multi</strong></span> <span class='ocrx_word' id='word_1_9' title='bbox 1517 577 1650 666; x_wconf 76' lang='lat' dir='ltr'><strong>praete·</strong></span> 
     </span>
     <span class='ocr_line' id='line_1_3' title="bbox 247 681 1649 788; baseline 0.001 -30"><span class='ocrx_word' id='word_1_10' title='bbox 247 708 310 758; x_wconf 91' lang='lat' dir='ltr'><strong>rea</strong></span> <span class='ocrx_word' id='word_1_11' title='bbox 334 709 423 758; x_wconf 90' lang='lat' dir='ltr'><strong>oum</strong></span> <span class='ocrx_word' id='word_1_12' title='bbox 447 708 513 788; x_wconf 83' lang='lat' dir='ltr'><strong>spe</strong></span> <span class='ocrx_word' id='word_1_13' title='bbox 537 684 639 760; x_wconf 86' lang='lat' dir='ltr'><strong>bona</strong></span> <span class='ocrx_word' id='word_1_14' title='bbox 663 685 936 774; x_wconf 80' lang='lat' dir='ltr'><strong>adulescentes,</strong></span> <span class='ocrx_word' id='word_1_15' title='bbox 952 684 1064 758; x_wconf 86' lang='lat' dir='ltr'><strong>sicuti</strong></span> <span class='ocrx_word' id='word_1_16' title='bbox 1084 681 1231 774; x_wconf 88' lang='lat' dir='ltr'><strong>hostiae,</strong></span> <span class='ocrx_word' id='word_1_17' title='bbox 1254 686 1406 760; x_wconf 88' lang='lat' dir='ltr'><strong>mactati</strong></span> <span class='ocrx_word' id='word_1_18' title='bbox 1430 701 1536 773; x_wconf 88' lang='lat' dir='ltr'><strong>sunt,</strong></span> <span class='ocrx_word' id='word_1_19' title='bbox 1559 711 1649 759; x_wconf 89' lang='lat' dir='ltr'><strong>curn</strong></span> 
     </span>
     <span class='ocr_line' id='line_1_4' title="bbox 246 801 1649 912; baseline 0.002 -33"><span class='ocrx_word' id='word_1_20' title='bbox 246 805 389 882; x_wconf 84' lang='lat' dir='ltr'><strong>interea</strong></span> <span class='ocrx_word' id='word_1_21' title='bbox 414 807 747 912; x_wconf 86' lang='lat' dir='ltr'><strong>importunissuma</strong></span> <span class='ocrx_word' id='word_1_22' title='bbox 773 833 908 911; x_wconf 85' lang='lat' dir='ltr'><strong>genera</strong></span> <span class='ocrx_word' id='word_1_23' title='bbox 938 801 1142 881; x_wconf 85' lang='lat' dir='ltr'><strong>hominurn</strong></span> <span class='ocrx_word' id='word_1_24' title='bbox 1176 824 1232 881; x_wconf 91' lang='lat' dir='ltr'><strong>tot</strong></span> <span class='ocrx_word' id='word_1_25' title='bbox 1253 810 1477 883; x_wconf 89' lang='lat' dir='ltr'><strong>miserorum</strong></span> <span class='ocrx_word' id='word_1_26' title='bbox 1507 807 1649 882; x_wconf 89' lang='lat' dir='ltr'><strong>civium</strong></span> 
     </span>
     <span class='ocr_line' id='line_1_5' title="bbox 245 929 1648 1036; baseline 0.002 -33"><span class='ocrx_word' id='word_1_27' title='bbox 245 929 431 1034; x_wconf 83' lang='lat' dir='ltr'><strong>sanguine</strong></span> <span class='ocrx_word' id='word_1_28' title='bbox 451 931 578 1004; x_wconf 87' lang='lat' dir='ltr'><strong>satiari</strong></span> <span class='ocrx_word' id='word_1_29' title='bbox 598 932 829 1032; x_wconf 88' lang='lat' dir='ltr'><strong>nequivere:</strong></span> <span class='ocrx_word' id='word_1_30' title='bbox 855 958 934 1006; x_wconf 90' lang='lat' dir='ltr'><strong>non</strong></span> <span class='ocrx_word' id='word_1_31' title='bbox 958 932 1042 1006; x_wconf 90' lang='lat' dir='ltr'><strong>orbi</strong></span> <span class='ocrx_word' id='word_1_32' title='bbox 1067 931 1195 1022; x_wconf 92' lang='lat' dir='ltr'><strong>liberi,</strong></span> <span class='ocrx_word' id='word_1_33' title='bbox 1220 958 1300 1006; x_wconf 91' lang='lat' dir='ltr'><strong>non</strong></span> <span class='ocrx_word' id='word_1_34' title='bbox 1325 950 1498 1036; x_wconf 88' lang='lat' dir='ltr'><strong>parentes</strong></span> <span class='ocrx_word' id='word_1_35' title='bbox 1519 947 1648 1006; x_wconf 86' lang='lat' dir='ltr'><strong>exacta</strong></span> 
     </span>
     <span class='ocr_line' id='line_1_6' title="bbox 245 1054 1650 1158; baseline 0.002 -32"><span class='ocrx_word' id='word_1_36' title='bbox 245 1067 373 1143; x_wconf 83' lang='lat' dir='ltr'><strong>aetate,</strong></span> <span class='ocrx_word' id='word_1_37' title='bbox 398 1079 477 1127; x_wconf 90' lang='lat' dir='ltr'><strong>non</strong></span> <span class='ocrx_word' id='word_1_38' title='bbox 498 1054 657 1158; x_wconf 81' lang='lat' dir='ltr'><strong>gemitus</strong></span> <span class='ocrx_word' id='word_1_39' title='bbox 678 1055 867 1144; x_wconf 86' lang='lat' dir='ltr'><strong>virorum,</strong></span> <span class='ocrx_word' id='word_1_40' title='bbox 892 1055 1017 1128; x_wconf 77' lang='lat' dir='ltr'><strong>luctus</strong></span> <span class='ocrx_word' id='word_1_41' title='bbox 1039 1055 1260 1144; x_wconf 83' lang='lat' dir='ltr'><strong>mulierum,</strong></span> <span class='ocrx_word' id='word_1_42' title='bbox 1285 1056 1491 1130; x_wconf 90' lang='lat' dir='ltr'><strong>immanem</strong></span> <span class='ocrx_word' id='word_1_43' title='bbox 1517 1082 1650 1129; x_wconf 88' lang='lat' dir='ltr'><strong>eorum</strong></span> 
     </span>
     <span class='ocr_line' id='line_1_7' title="bbox 246 1173 1650 1280; baseline 0.003 -32"><span class='ocrx_word' id='word_1_44' title='bbox 246 1173 421 1250; x_wconf 90' lang='lat' dir='ltr'><strong>animum</strong></span> <span class='ocrx_word' id='word_1_45' title='bbox 439 1176 603 1251; x_wconf 84' lang='lat' dir='ltr'><strong>inflexit:</strong></span> <span class='ocrx_word' id='word_1_46' title='bbox 633 1178 730 1280; x_wconf 88' lang='lat' dir='ltr'><strong>quin</strong></span> <span class='ocrx_word' id='word_1_47' title='bbox 754 1178 926 1253; x_wconf 81' lang='lat' dir='ltr'><strong>acerbius</strong></span> <span class='ocrx_word' id='word_1_48' title='bbox 943 1179 984 1251; x_wconf 93' lang='lat' dir='ltr'><strong>in</strong></span> <span class='ocrx_word' id='word_1_49' title='bbox 1005 1178 1081 1252; x_wconf 88' lang='lat' dir='ltr'><strong>dies</strong></span> <span class='ocrx_word' id='word_1_50' title='bbox 1103 1179 1386 1254; x_wconf 83' lang='lat' dir='ltr'><strong>malefaciundo</strong></span> <span class='ocrx_word' id='word_1_51' title='bbox 1408 1206 1452 1252; x_wconf 87' lang='lat' dir='ltr'><strong>ac</strong></span> <span class='ocrx_word' id='word_1_52' title='bbox 1470 1177 1650 1266; x_wconf 85' lang='lat' dir='ltr'><strong>dicundo,</strong></span> 
     </span>
     <span class='ocr_line' id='line_1_8' title="bbox 246 1296 1649 1404; baseline 0.003 -33"><span class='ocrx_word' id='word_1_53' title='bbox 246 1296 432 1402; x_wconf 88' lang='lat' dir='ltr'><strong>dignitate</strong></span> <span class='ocrx_word' id='word_1_54' title='bbox 444 1299 554 1389; x_wconf 88' lang='lat' dir='ltr'><strong>alios,</strong></span> <span class='ocrx_word' id='word_1_55' title='bbox 570 1299 662 1374; x_wconf 89' lang='lat' dir='ltr'><strong>alios</strong></span> <span class='ocrx_word' id='word_1_56' title='bbox 677 1299 827 1375; x_wconf 88' lang='lat' dir='ltr'><strong>civitate</strong></span> <span class='ocrx_word' id='word_1_57' title='bbox 838 1327 1006 1375; x_wconf 88' lang='lat' dir='ltr'><strong>eversum</strong></span> <span class='ocrx_word' id='word_1_58' title='bbox 1025 1302 1132 1374; x_wconf 86' lang='lat' dir='ltr'><strong>irent</strong></span> <span class='ocrx_word' id='word_1_59' title='bbox 1167 1301 1263 1374; x_wconf 87' lang='lat' dir='ltr'><strong>Nam</strong></span> <span class='ocrx_word' id='word_1_60' title='bbox 1276 1301 1372 1404; x_wconf 79' lang='lat' dir='ltr'><strong>&#39;quid</strong></span> <span class='ocrx_word' id='word_1_61' title='bbox 1387 1328 1453 1404; x_wconf 91' lang='lat' dir='ltr'><strong>ego</strong></span> <span class='ocrx_word' id='word_1_62' title='bbox 1470 1300 1517 1374; x_wconf 92' lang='lat' dir='ltr'><strong>de</strong></span> <span class='ocrx_word' id='word_1_63' title='bbox 1534 1317 1569 1374; x_wconf 89' lang='lat' dir='ltr'><strong>te</strong></span> <span class='ocrx_word' id='word_1_64' title='bbox 1591 1300 1649 1375; x_wconf 91' lang='lat' dir='ltr'><strong>di·</strong></span> 
     </span>
     <span class='ocr_line' id='line_1_9' title="bbox 247 1422 1649 1533; baseline 0.004 -41"><span class='ocrx_word' id='word_1_65' title='bbox 247 1445 350 1510; x_wconf 81' lang='lat' dir='ltr'><strong>cam,</strong></span> <span class='ocrx_word' id='word_1_66' title='bbox 363 1422 472 1497; x_wconf 89' lang='lat' dir='ltr'><strong>cuius</strong></span> <span class='ocrx_word' id='word_1_67' title='bbox 490 1425 762 1498; x_wconf 82' lang='lat' dir='ltr'><strong>contumeliam</strong></span> <span class='ocrx_word' id='word_1_68' title='bbox 776 1423 948 1498; x_wconf 89' lang='lat' dir='ltr'><strong>homines</strong></span> <span class='ocrx_word' id='word_1_69' title='bbox 971 1423 1211 1533; x_wconf 77' lang='lat' dir='ltr'><strong>ignavissumi</strong></span> <span class='ocrx_word' id='word_1_70' title='bbox 1228 1425 1304 1498; x_wconf 84' lang='lat' dir='ltr'><strong>vita</strong></span> <span class='ocrx_word' id='word_1_71' title='bbox 1325 1451 1393 1498; x_wconf 87' lang='lat' dir='ltr'><strong>sua</strong></span> <span class='ocrx_word' id='word_1_72' title='bbox 1413 1438 1649 1499; x_wconf 87' lang='lat' dir='ltr'><strong>commutare</strong></span> 
     </span>
     <span class='ocr_line' id='line_1_10' title="bbox 246 1531 1648 1649; baseline 0.003 -33"><span class='ocrx_word' id='word_1_73' title='bbox 246 1545 550 1621; x_wconf 75' lang='lat' dir='ltr'><strong>roluntlscilieet</strong></span> <span class='ocrx_word' id='word_1_74' title='bbox 561 1573 685 1649; x_wconf 88' lang='lat' dir='ltr'><strong>neque</strong></span> <span class='ocrx_word' id='word_1_75' title='bbox 701 1531 775 1620; x_wconf 89' lang='lat' dir='ltr'><strong>illis</strong></span> <span class='ocrx_word' id='word_1_76' title='bbox 791 1562 907 1620; x_wconf 84' lang='lat' dir='ltr'><strong>tantae</strong></span> <span class='ocrx_word' id='word_1_77' title='bbox 923 1545 1111 1649; x_wconf 88' lang='lat' dir='ltr'><strong>voluptati</strong></span> <span class='ocrx_word' id='word_1_78' title='bbox 1124 1563 1177 1621; x_wconf 87' lang='lat' dir='ltr'><strong>est</strong></span> <span class='ocrx_word' id='word_1_79' title='bbox 1187 1543 1350 1643; x_wconf 88' lang='lat' dir='ltr'><strong>(tametsi</strong></span> <span class='ocrx_word' id='word_1_80' title='bbox 1367 1545 1648 1649; x_wconf 79' lang='lat' dir='ltr'><strong>insperantibus</strong></span> 
     </span>
     <span class='ocr_line' id='line_1_11' title="bbox 246 1659 1648 1772; baseline 0.001 -33"><span class='ocrx_word' id='word_1_81' title='bbox 246 1665 412 1766; x_wconf 88' lang='lat' dir='ltr'><strong>accidit)</strong></span> <span class='ocrx_word' id='word_1_82' title='bbox 436 1668 669 1760; x_wconf 81' lang='lat' dir='ltr'><strong>dominatio,</strong></span> <span class='ocrx_word' id='word_1_83' title='bbox 692 1685 838 1772; x_wconf 91' lang='lat' dir='ltr'><strong>quanto</strong></span> <span class='ocrx_word' id='word_1_84' title='bbox 861 1659 1016 1744; x_wconf 87' lang='lat' dir='ltr'><strong>moerori</strong></span> <span class='ocrx_word' id='word_1_85' title='bbox 1046 1686 1112 1743; x_wconf 91' lang='lat' dir='ltr'><strong>tua</strong></span> <span class='ocrx_word' id='word_1_86' title='bbox 1140 1669 1335 1772; x_wconf 86' lang='lat' dir='ltr'><strong>dignitas:</strong></span> <span class='ocrx_word' id='word_1_87' title='bbox 1361 1668 1457 1772; x_wconf 88' lang='lat' dir='ltr'><strong>quin</strong></span> <span class='ocrx_word' id='word_1_88' title='bbox 1482 1668 1648 1770; x_wconf 87' lang='lat' dir='ltr'><strong>optatius</strong></span> 
     </span>
     <span class='ocr_line' id='line_1_12' title="bbox 245 1785 1650 1894; baseline 0.004 -34"><span class='ocrx_word' id='word_1_89' title='bbox 245 1785 391 1862; x_wconf 90' lang='lat' dir='ltr'><strong>habent</strong></span> <span class='ocrx_word' id='word_1_90' title='bbox 409 1817 455 1864; x_wconf 84' lang='lat' dir='ltr'><strong>ex</strong></span> <span class='ocrx_word' id='word_1_91' title='bbox 471 1807 535 1865; x_wconf 90' lang='lat' dir='ltr'><strong>tua</strong></span> <span class='ocrx_word' id='word_1_92' title='bbox 549 1791 763 1866; x_wconf 73' lang='lat' dir='ltr'><strong>calamitate</strong></span> <span class='ocrx_word' id='word_1_93' title='bbox 787 1793 1002 1894; x_wconf 89' lang='lat' dir='ltr'><strong>periculum</strong></span> <span class='ocrx_word' id='word_1_94' title='bbox 1018 1793 1202 1867; x_wconf 83' lang='lat' dir='ltr'><strong>libertatis</strong></span> <span class='ocrx_word' id='word_1_95' title='bbox 1222 1791 1361 1880; x_wconf 84' lang='lat' dir='ltr'><strong>facere,</strong></span> <span class='ocrx_word' id='word_1_96' title='bbox 1386 1819 1503 1894; x_wconf 90' lang='lat' dir='ltr'><strong>quam</strong></span> <span class='ocrx_word' id='word_1_97' title='bbox 1525 1819 1594 1892; x_wconf 90' lang='lat' dir='ltr'><strong>per</strong></span> <span class='ocrx_word' id='word_1_98' title='bbox 1613 1807 1650 1865; x_wconf 88' lang='lat' dir='ltr'><strong>te</strong></span> 
     </span>
     <span class='ocr_line' id='line_1_13' title="bbox 245 1913 1649 2020; baseline 0.001 -36"><span class='ocrx_word' id='word_1_99' title='bbox 245 1913 380 2013; x_wconf 91' lang='lat' dir='ltr'><strong>populi</strong></span> <span class='ocrx_word' id='word_1_100' title='bbox 396 1913 556 1986; x_wconf 88' lang='lat' dir='ltr'><strong>Romani</strong></span> <span class='ocrx_word' id='word_1_101' title='bbox 577 1914 781 2016; x_wconf 88' lang='lat' dir='ltr'><strong>imperium</strong></span> <span class='ocrx_word' id='word_1_102' title='bbox 804 1943 1028 1990; x_wconf 82' lang='lat' dir='ltr'><strong>maxumum</strong></span> <span class='ocrx_word' id='word_1_103' title='bbox 1049 1943 1095 1990; x_wconf 81' lang='lat' dir='ltr'><strong>ex</strong></span> <span class='ocrx_word' id='word_1_104' title='bbox 1120 1943 1258 2020; x_wconf 87' lang='lat' dir='ltr'><strong>magno</strong></span> <span class='ocrx_word' id='word_1_105' title='bbox 1278 1914 1369 1988; x_wconf 86' lang='lat' dir='ltr'><strong>lieri.</strong></span> <span class='ocrx_word' id='word_1_106' title='bbox 1421 1915 1510 2007; x_wconf 89' lang='lat' dir='ltr'><strong>Quo</strong></span> <span class='ocrx_word' id='word_1_107' title='bbox 1532 1913 1649 2016; x_wconf 86' lang='lat' dir='ltr'><strong>magis</strong></span> 
     </span>
     <span class='ocr_line' id='line_1_14' title="bbox 248 2033 1652 2142; baseline 0.004 -37"><span class='ocrx_word' id='word_1_108' title='bbox 248 2033 316 2108; x_wconf 92' lang='lat' dir='ltr'><strong>tibi</strong></span> <span class='ocrx_word' id='word_1_109' title='bbox 335 2035 450 2109; x_wconf 88' lang='lat' dir='ltr'><strong>etiam</strong></span> <span class='ocrx_word' id='word_1_110' title='bbox 477 2053 591 2138; x_wconf 85' lang='lat' dir='ltr'><strong>atque</strong></span> <span class='ocrx_word' id='word_1_111' title='bbox 610 2037 726 2111; x_wconf 86' lang='lat' dir='ltr'><strong>etiarn</strong></span> <span class='ocrx_word' id='word_1_112' title='bbox 746 2039 875 2112; x_wconf 88' lang='lat' dir='ltr'><strong>animo</strong></span> <span class='ocrx_word' id='word_1_113' title='bbox 898 2037 1215 2142; x_wconf 90' lang='lat' dir='ltr'><strong>prospiciundum</strong></span> <span class='ocrx_word' id='word_1_114' title='bbox 1237 2055 1319 2126; x_wconf 87' lang='lat' dir='ltr'><strong>est,</strong></span> <span class='ocrx_word' id='word_1_115' title='bbox 1344 2063 1514 2138; x_wconf 88' lang='lat' dir='ltr'><strong>quonam</strong></span> <span class='ocrx_word' id='word_1_116' title='bbox 1536 2035 1652 2110; x_wconf 92' lang='lat' dir='ltr'><strong>modo</strong></span> 
     </span>
     <span class='ocr_line' id='line_1_15' title="bbox 247 2158 1650 2261; baseline 0 -31"><span class='ocrx_word' id='word_1_117' title='bbox 247 2181 327 2230; x_wconf 87' lang='lat' dir='ltr'><strong>rem</strong></span> <span class='ocrx_word' id='word_1_118' title='bbox 353 2158 519 2232; x_wconf 83' lang='lat' dir='ltr'><strong>stabilias</strong></span> <span class='ocrx_word' id='word_1_119' title='bbox 548 2158 868 2261; x_wconf 87' lang='lat' dir='ltr'><strong>communiasque.</strong></span> <span class='ocrx_word' id='word_1_120' title='bbox 919 2159 1018 2233; x_wconf 89' lang='lat' dir='ltr'><strong>Mihi</strong></span> <span class='ocrx_word' id='word_1_121' title='bbox 1042 2159 1199 2260; x_wconf 89' lang='lat' dir='ltr'><strong>quidem</strong></span> <span class='ocrx_word' id='word_1_122' title='bbox 1225 2185 1311 2260; x_wconf 87' lang='lat' dir='ltr'><strong>quae</strong></span> <span class='ocrx_word' id='word_1_123' title='bbox 1333 2185 1438 2232; x_wconf 88' lang='lat' dir='ltr'><strong>mens</strong></span> <span class='ocrx_word' id='word_1_124' title='bbox 1460 2158 1650 2260; x_wconf 88' lang='lat' dir='ltr'><strong>suppetit,-</strong></span> 
     </span>
     <span class='ocr_line' id='line_1_16' title="bbox 246 2277 1650 2385; baseline 0.003 -35"><span class='ocrx_word' id='word_1_125' title='bbox 246 2277 376 2380; x_wconf 88' lang='lat' dir='ltr'><strong>eloqui</strong></span> <span class='ocrx_word' id='word_1_126' title='bbox 398 2306 478 2353; x_wconf 88' lang='lat' dir='ltr'><strong>non</strong></span> <span class='ocrx_word' id='word_1_127' title='bbox 504 2279 700 2355; x_wconf 89' lang='lat' dir='ltr'><strong>dubitabo.</strong></span> <span class='ocrx_word' id='word_1_128' title='bbox 752 2283 929 2356; x_wconf 87' lang='lat' dir='ltr'><strong>Ceterum</strong></span> <span class='ocrx_word' id='word_1_129' title='bbox 952 2281 1099 2354; x_wconf 84' lang='lat' dir='ltr'><strong>tulerit</strong></span> <span class='ocrx_word' id='word_1_130' title='bbox 1120 2281 1263 2384; x_wconf 87' lang='lat' dir='ltr'><strong>ingenii</strong></span> <span class='ocrx_word' id='word_1_131' title='bbox 1284 2282 1462 2385; x_wconf 89' lang='lat' dir='ltr'><strong>probare,</strong></span> <span class='ocrx_word' id='word_1_132' title='bbox 1487 2307 1650 2383; x_wconf 84' lang='lat' dir='ltr'><strong>quaere-</strong></span> 
     </span>
     <span class='ocr_line' id='line_1_17' title="bbox 247 2399 1676 2506; baseline 0.003 -33"><span class='ocrx_word' id='word_1_133' title='bbox 247 2428 289 2475; x_wconf 92' lang='lat' dir='ltr'><strong>ra</strong></span> <span class='ocrx_word' id='word_1_134' title='bbox 318 2417 434 2503; x_wconf 89' lang='lat' dir='ltr'><strong>atqua</strong></span> <span class='ocrx_word' id='word_1_135' title='bbox 458 2402 569 2476; x_wconf 90' lang='lat' dir='ltr'><strong>utilia</strong></span> <span class='ocrx_word' id='word_1_136' title='bbox 595 2403 702 2476; x_wconf 85' lang='lat' dir='ltr'><strong>factu</strong></span> <span class='ocrx_word' id='word_1_137' title='bbox 724 2418 842 2504; x_wconf 87' lang='lat' dir='ltr'><strong>putea.</strong></span> <span class='ocrx_word' id='word_1_138' title='bbox 892 2405 938 2474; x_wconf 91' lang='lat' dir='ltr'><strong>In</strong></span> <span class='ocrx_word' id='word_1_139' title='bbox 963 2403 1058 2475; x_wconf 85' lang='lat' dir='ltr'><strong>duas</strong></span> <span class='ocrx_word' id='word_1_140' title='bbox 1090 2421 1215 2505; x_wconf 85' lang='lat' dir='ltr'><strong>partes</strong></span> <span class='ocrx_word' id='word_1_141' title='bbox 1234 2430 1302 2506; x_wconf 86' lang='lat' dir='ltr'><strong>ego</strong></span> <span class='ocrx_word' id='word_1_142' title='bbox 1332 2405 1524 2480; x_wconf 84' lang='lat' dir='ltr'><strong>civitatem</strong></span> <span class='ocrx_word' id='word_1_143' title='bbox 1551 2399 1676 2479; x_wconf 72' lang='lat' dir='ltr'><strong>divi-«5</strong></span> 
     </span>
     <span class='ocr_line' id='line_1_18' title="bbox 246 2523 1646 2628; baseline 0.003 -31"><span class='ocrx_word' id='word_1_144' title='bbox 246 2547 325 2597; x_wconf 89' lang='lat' dir='ltr'><strong>sam</strong></span> <span class='ocrx_word' id='word_1_145' title='bbox 361 2525 552 2614; x_wconf 88' lang='lat' dir='ltr'><strong>arbitror,</strong></span> <span class='ocrx_word' id='word_1_146' title='bbox 576 2525 676 2599; x_wconf 88' lang='lat' dir='ltr'><strong>siout</strong></span> <span class='ocrx_word' id='word_1_147' title='bbox 712 2551 733 2598; x_wconf 90' lang='lat' dir='ltr'><strong>a</strong></span> <span class='ocrx_word' id='word_1_148' title='bbox 763 2523 971 2598; x_wconf 87' lang='lat' dir='ltr'><strong>maioribus</strong></span> <span class='ocrx_word' id='word_1_149' title='bbox 1003 2525 1152 2624; x_wconf 90' lang='lat' dir='ltr'><strong>accepi,</strong></span> <span class='ocrx_word' id='word_1_150' title='bbox 1188 2524 1230 2598; x_wconf 93' lang='lat' dir='ltr'><strong>in</strong></span> <span class='ocrx_word' id='word_1_151' title='bbox 1260 2541 1384 2627; x_wconf 90' lang='lat' dir='ltr'><strong>patres</strong></span> <span class='ocrx_word' id='word_1_152' title='bbox 1418 2542 1455 2601; x_wconf 87' lang='lat' dir='ltr'><strong>et</strong></span> <span class='ocrx_word' id='word_1_153' title='bbox 1487 2527 1646 2628; x_wconf 87' lang='lat' dir='ltr'><strong>plebem.</strong></span> 
     </span>
     <span class='ocr_line' id='line_1_19' title="bbox 246 2645 1647 2752; baseline 0.003 -34"><span class='ocrx_word' id='word_1_154' title='bbox 246 2651 367 2721; x_wconf 81' lang='lat' dir='ltr'><strong>Antea</strong></span> <span class='ocrx_word' id='word_1_155' title='bbox 390 2648 431 2721; x_wconf 91' lang='lat' dir='ltr'><strong>in</strong></span> <span class='ocrx_word' id='word_1_156' title='bbox 457 2648 629 2752; x_wconf 89' lang='lat' dir='ltr'><strong>patribus</strong></span> <span class='ocrx_word' id='word_1_157' title='bbox 653 2673 801 2722; x_wconf 90' lang='lat' dir='ltr'><strong>summa</strong></span> <span class='ocrx_word' id='word_1_158' title='bbox 826 2646 1032 2721; x_wconf 88' lang='lat' dir='ltr'><strong>auctoritas</strong></span> <span class='ocrx_word' id='word_1_159' title='bbox 1055 2661 1159 2733; x_wconf 87' lang='lat' dir='ltr'><strong>erat,</strong></span> <span class='ocrx_word' id='word_1_160' title='bbox 1185 2645 1238 2718; x_wconf 86' lang='lat' dir='ltr'><strong>ris</strong></span> <span class='ocrx_word' id='word_1_161' title='bbox 1261 2646 1384 2720; x_wconf 92' lang='lat' dir='ltr'><strong>multo</strong></span> <span class='ocrx_word' id='word_1_162' title='bbox 1408 2673 1587 2721; x_wconf 85' lang='lat' dir='ltr'><strong>maxuma</strong></span> <span class='ocrx_word' id='word_1_163' title='bbox 1605 2649 1647 2723; x_wconf 93' lang='lat' dir='ltr'><strong>in</strong></span> 
     </span>
     <span class='ocr_line' id='line_1_20' title="bbox 245 2755 1652 2874; baseline 0.002 -33"><span class='ocrx_word' id='word_1_164' title='bbox 245 2768 364 2872; x_wconf 84' lang='lat' dir='ltr'><strong>plebe.</strong></span> <span class='ocrx_word' id='word_1_165' title='bbox 410 2774 545 2874; x_wconf 88' lang='lat' dir='ltr'><strong>Itaque</strong></span> <span class='ocrx_word' id='word_1_166' title='bbox 573 2755 708 2874; x_wconf 82' lang='lat' dir='ltr'><strong>saepius</strong></span> <span class='ocrx_word' id='word_1_167' title='bbox 738 2771 780 2843; x_wconf 92' lang='lat' dir='ltr'><strong>in</strong></span> <span class='ocrx_word' id='word_1_168' title='bbox 812 2770 963 2844; x_wconf 85' lang='lat' dir='ltr'><strong>civitate</strong></span> <span class='ocrx_word' id='word_1_169' title='bbox 989 2769 1140 2843; x_wconf 78' lang='lat' dir='ltr'><strong>secessio</strong></span> <span class='ocrx_word' id='word_1_170' title='bbox 1168 2767 1268 2842; x_wconf 84' lang='lat' dir='ltr'><strong>fuit:</strong></span> <span class='ocrx_word' id='word_1_171' title='bbox 1292 2794 1514 2872; x_wconf 84' lang='lat' dir='ltr'><strong>semperque</strong></span> <span class='ocrx_word' id='word_1_172' title='bbox 1539 2771 1652 2844; x_wconf 88' lang='lat' dir='ltr'><strong>nobi-</strong></span> 
     </span>
     <span class='ocr_line' id='line_1_21' title="bbox 246 2885 1649 2997; baseline 0.001 -32"><span class='ocrx_word' id='word_1_173' title='bbox 246 2891 363 2966; x_wconf 80' lang='lat' dir='ltr'><strong>litatis</strong></span> <span class='ocrx_word' id='word_1_174' title='bbox 386 2920 476 2997; x_wconf 76' lang='lat' dir='ltr'><strong>opes</strong></span> <span class='ocrx_word' id='word_1_175' title='bbox 502 2889 711 2971; x_wconf 76' lang='lat' dir='ltr'><strong>deminutae</strong></span> <span class='ocrx_word' id='word_1_176' title='bbox 744 2910 859 2980; x_wconf 89' lang='lat' dir='ltr'><strong>sunt,</strong></span> <span class='ocrx_word' id='word_1_177' title='bbox 903 2911 941 2982; x_wconf 87' lang='lat' dir='ltr'><strong>et</strong></span> <span class='ocrx_word' id='word_1_178' title='bbox 976 2895 1034 2968; x_wconf 87' lang='lat' dir='ltr'><strong>ius</strong></span> <span class='ocrx_word' id='word_1_179' title='bbox 1067 2885 1201 2997; x_wconf 87' lang='lat' dir='ltr'><strong>populi</strong></span> <span class='ocrx_word' id='word_1_180' title='bbox 1240 2891 1525 2995; x_wconf 85' lang='lat' dir='ltr'><strong>amplificatum.</strong></span> <span class='ocrx_word' id='word_1_181' title='bbox 1577 2892 1649 2968; x_wconf 85' lang='lat' dir='ltr'><strong>Sed</strong></span> 
     </span>
     <span class='ocr_line' id='line_1_22' title="bbox 243 3014 1651 3120; baseline -0.001 -32"><span class='ocrx_word' id='word_1_182' title='bbox 243 3014 374 3117; x_wconf 85' lang='lat' dir='ltr'><strong>plebes</strong></span> <span class='ocrx_word' id='word_1_183' title='bbox 394 3043 438 3090; x_wconf 89' lang='lat' dir='ltr'><strong>eo</strong></span> <span class='ocrx_word' id='word_1_184' title='bbox 462 3018 580 3092; x_wconf 89' lang='lat' dir='ltr'><strong>libere</strong></span> <span class='ocrx_word' id='word_1_185' title='bbox 603 3018 787 3120; x_wconf 83' lang='lat' dir='ltr'><strong>agitabat,</strong></span> <span class='ocrx_word' id='word_1_186' title='bbox 813 3018 903 3120; x_wconf 89' lang='lat' dir='ltr'><strong>quia</strong></span> <span class='ocrx_word' id='word_1_187' title='bbox 930 3017 1076 3091; x_wconf 89' lang='lat' dir='ltr'><strong>nullius</strong></span> <span class='ocrx_word' id='word_1_188' title='bbox 1101 3015 1272 3117; x_wconf 90' lang='lat' dir='ltr'><strong>potentia</strong></span> <span class='ocrx_word' id='word_1_189' title='bbox 1297 3041 1412 3119; x_wconf 83' lang='lat' dir='ltr'><strong>super</strong></span> <span class='ocrx_word' id='word_1_190' title='bbox 1432 3015 1526 3118; x_wconf 79' lang='lat' dir='ltr'><strong>leges</strong></span> <span class='ocrx_word' id='word_1_191' title='bbox 1551 3033 1651 3108; x_wconf 88' lang='lat' dir='ltr'><strong>erat;</strong></span> 
     </span>
     <span class='ocr_line' id='line_1_23' title="bbox 246 3123 1650 3242; baseline 0.001 -32"><span class='ocrx_word' id='word_1_192' title='bbox 246 3164 371 3238; x_wconf 87' lang='lat' dir='ltr'><strong>neque</strong></span> <span class='ocrx_word' id='word_1_193' title='bbox 388 3137 527 3211; x_wconf 78' lang='lat' dir='ltr'><strong>divitiis</strong></span> <span class='ocrx_word' id='word_1_194' title='bbox 548 3123 616 3213; x_wconf 86' lang='lat' dir='ltr'><strong>aut</strong></span> <span class='ocrx_word' id='word_1_195' title='bbox 635 3140 830 3242; x_wconf 86' lang='lat' dir='ltr'><strong>superbia,</strong></span> <span class='ocrx_word' id='word_1_196' title='bbox 854 3140 919 3215; x_wconf 89' lang='lat' dir='ltr'><strong>sed</strong></span> <span class='ocrx_word' id='word_1_197' title='bbox 940 3141 1040 3237; x_wconf 84' lang='lat' dir='ltr'><strong>bona</strong></span> <span class='ocrx_word' id='word_1_198' title='bbox 1071 3139 1170 3212; x_wconf 89' lang='lat' dir='ltr'><strong>sama</strong></span> <span class='ocrx_word' id='word_1_199' title='bbox 1190 3135 1374 3240; x_wconf 81' lang='lat' dir='ltr'><strong>sectisque</strong></span> <span class='ocrx_word' id='word_1_200' title='bbox 1397 3137 1558 3211; x_wconf 89' lang='lat' dir='ltr'><strong>fortibus</strong></span> <span class='ocrx_word' id='word_1_201' title='bbox 1581 3163 1650 3212; x_wconf 90' lang='lat' dir='ltr'><strong>no·</strong></span> 
     </span>
     <span class='ocr_line' id='line_1_24' title="bbox 243 3259 1649 3364; baseline 0 -32"><span class='ocrx_word' id='word_1_202' title='bbox 243 3259 331 3333; x_wconf 92' lang='lat' dir='ltr'><strong>bilis</strong></span> <span class='ocrx_word' id='word_1_203' title='bbox 355 3261 559 3364; x_wconf 81' lang='lat' dir='ltr'><strong>ignobilem</strong></span> <span class='ocrx_word' id='word_1_204' title='bbox 594 3263 787 3336; x_wconf 90' lang='lat' dir='ltr'><strong>anteibat:</strong></span> <span class='ocrx_word' id='word_1_205' title='bbox 822 3261 1076 3336; x_wconf 77' lang='lat' dir='ltr'><strong>liumillumus</strong></span> <span class='ocrx_word' id='word_1_206' title='bbox 1106 3261 1266 3362; x_wconf 87' lang='lat' dir='ltr'><strong>quisque</strong></span> <span class='ocrx_word' id='word_1_207' title='bbox 1302 3261 1344 3334; x_wconf 92' lang='lat' dir='ltr'><strong>in</strong></span> <span class='ocrx_word' id='word_1_208' title='bbox 1368 3260 1464 3364; x_wconf 86' lang='lat' dir='ltr'><strong>agris</strong></span> <span class='ocrx_word' id='word_1_209' title='bbox 1486 3276 1554 3334; x_wconf 88' lang='lat' dir='ltr'><strong>aut</strong></span> <span class='ocrx_word' id='word_1_210' title='bbox 1577 3260 1649 3350; x_wconf 87' lang='lat' dir='ltr'><strong>mi·</strong></span> 
     </span>
     <span class='ocr_line' id='line_1_25' title="bbox 245 3371 1648 3488; baseline 0.001 -32"><span class='ocrx_word' id='word_1_211' title='bbox 245 3371 349 3472; x_wconf 88' lang='lat' dir='ltr'><strong>litia,</strong></span> <span class='ocrx_word' id='word_1_212' title='bbox 377 3384 522 3458; x_wconf 88' lang='lat' dir='ltr'><strong>nullius</strong></span> <span class='ocrx_word' id='word_1_213' title='bbox 556 3383 723 3458; x_wconf 76' lang='lat' dir='ltr'><strong>honestae</strong></span> <span class='ocrx_word' id='word_1_214' title='bbox 745 3385 805 3457; x_wconf 68' lang='lat' dir='ltr'><strong>rei&#39;</strong></span> <span class='ocrx_word' id='word_1_215' title='bbox 831 3409 959 3488; x_wconf 87' lang='lat' dir='ltr'><strong>egens,</strong></span> <span class='ocrx_word' id='word_1_216' title='bbox 982 3385 1069 3456; x_wconf 91' lang='lat' dir='ltr'><strong>satis</strong></span> <span class='ocrx_word' id='word_1_217' title='bbox 1094 3382 1166 3456; x_wconf 89' lang='lat' dir='ltr'><strong>sibl</strong></span> <span class='ocrx_word' id='word_1_218' title='bbox 1200 3382 1362 3483; x_wconf 82' lang='lat' dir='ltr'><strong>satisque</strong></span> <span class='ocrx_word' id='word_1_219' title='bbox 1389 3383 1523 3485; x_wconf 75' lang='lat' dir='ltr'><strong>patria</strong></span> <span class='ocrx_word' id='word_1_220' title='bbox 1558 3399 1648 3458; x_wconf 82' lang='lat' dir='ltr'><strong>erat</strong></span> 
     </span>
     <span class='ocr_line' id='line_1_26' title="bbox 245 3499 1648 3610; baseline 0.001 -31"><span class='ocrx_word' id='word_1_221' title='bbox 245 3505 316 3579; x_wconf 90' lang='lat' dir='ltr'><strong>Sed</strong></span> <span class='ocrx_word' id='word_1_222' title='bbox 337 3505 404 3580; x_wconf 90' lang='lat' dir='ltr'><strong>ubi</strong></span> <span class='ocrx_word' id='word_1_223' title='bbox 424 3532 485 3580; x_wconf 89' lang='lat' dir='ltr'><strong>eos</strong></span> <span class='ocrx_word' id='word_1_224' title='bbox 506 3506 709 3608; x_wconf 84' lang='lat' dir='ltr'><strong>paullatim</strong></span> <span class='ocrx_word' id='word_1_225' title='bbox 728 3507 901 3610; x_wconf 82' lang='lat' dir='ltr'><strong>expulsos</strong></span> <span class='ocrx_word' id='word_1_226' title='bbox 924 3507 1020 3610; x_wconf 84' lang='lat' dir='ltr'><strong>agris</strong></span> <span class='ocrx_word' id='word_1_227' title='bbox 1034 3505 1170 3580; x_wconf 88' lang='lat' dir='ltr'><strong>inertia</strong></span> <span class='ocrx_word' id='word_1_228' title='bbox 1194 3499 1310 3607; x_wconf 86' lang='lat' dir='ltr'><strong>atque</strong></span> <span class='ocrx_word' id='word_1_229' title='bbox 1333 3505 1463 3608; x_wconf 89' lang='lat' dir='ltr'><strong>iuopia</strong></span> <span class='ocrx_word' id='word_1_230' title='bbox 1487 3505 1648 3580; x_wconf 81' lang='lat' dir='ltr'><strong>incertas</strong></span> 
     </span>
     <span class='ocr_line' id='line_1_27' title="bbox 244 3617 1647 3733; baseline 0.001 -33"><span class='ocrx_word' id='word_1_231' title='bbox 244 3626 376 3702; x_wconf 81' lang='lat' dir='ltr'><strong>domos</strong></span> <span class='ocrx_word' id='word_1_232' title='bbox 392 3625 532 3703; x_wconf 89' lang='lat' dir='ltr'><strong>babere</strong></span> <span class='ocrx_word' id='word_1_233' title='bbox 545 3629 711 3733; x_wconf 78' lang='lat' dir='ltr'><strong>subegit:</strong></span> <span class='ocrx_word' id='word_1_234' title='bbox 725 3617 873 3732; x_wconf 84' lang='lat' dir='ltr'><strong>coepere</strong></span> <span class='ocrx_word' id='word_1_235' title='bbox 890 3629 1032 3705; x_wconf 84' lang='lat' dir='ltr'><strong>alienas</strong></span> <span class='ocrx_word' id='word_1_236' title='bbox 1045 3655 1135 3733; x_wconf 85' lang='lat' dir='ltr'><strong>opes</strong></span> <span class='ocrx_word' id='word_1_237' title='bbox 1147 3645 1292 3732; x_wconf 87' lang='lat' dir='ltr'><strong>petere,</strong></span> <span class='ocrx_word' id='word_1_238' title='bbox 1309 3628 1520 3702; x_wconf 82' lang='lat' dir='ltr'><strong>libertatern</strong></span> <span class='ocrx_word' id='word_1_239' title='bbox 1539 3654 1647 3702; x_wconf 89' lang='lat' dir='ltr'><strong>suam</strong></span> 
     </span>
    </p>
   </div>
   <div class='ocr_carea' id='block_1_3' title="bbox 243 3854 1670 4353">
    <p class='ocr_par' dir='ltr' id='par_1_3' title="bbox 243 3854 1670 4353">
     <span class='ocr_line' id='line_1_28' title="bbox 245 3854 1650 3936; baseline -0.001 -22"><span class='ocrx_word' id='word_1_240' title='bbox 245 3873 326 3914; x_wconf 81' lang='lat' dir='ltr'><strong>arma</strong></span> <span class='ocrx_word' id='word_1_241' title='bbox 339 3873 404 3914; x_wconf 75' lang='lat' dir='ltr'><strong>tram</strong></span> <span class='ocrx_word' id='word_1_242' title='bbox 424 3875 485 3914; x_wconf 89' lang='lat' dir='ltr'><strong>om.</strong></span> <span class='ocrx_word' id='word_1_243' title='bbox 501 3855 582 3916; x_wconf 77' lang='lat' dir='ltr'><strong>Febr.</strong></span> <span class='ocrx_word' id='word_1_244' title='bbox 597 3867 626 3915; x_wconf 85' lang='lat' dir='ltr'><strong>et</strong></span> <span class='ocrx_word' id='word_1_245' title='bbox 637 3856 712 3916; x_wconf 84' lang='lat' dir='ltr'><strong>Bria.</strong></span> <span class='ocrx_word' id='word_1_246' title='bbox 733 3854 838 3916; x_wconf 78' lang='lat' dir='ltr'><strong>satiari</strong></span> <span class='ocrx_word' id='word_1_247' title='bbox 853 3858 987 3936; x_wconf 77' lang='lat' dir='ltr'><strong>nequiore</strong></span> <span class='ocrx_word' id='word_1_248' title='bbox 1007 3857 1080 3916; x_wconf 80' lang='lat' dir='ltr'><strong>Bria.</strong></span> <span class='ocrx_word' id='word_1_249' title='bbox 1103 3857 1253 3935; x_wconf 72' lang='lat' dir='ltr'><strong>nequiuere</strong></span> <span class='ocrx_word' id='word_1_250' title='bbox 1266 3855 1347 3916; x_wconf 79' lang='lat' dir='ltr'><strong>fabr.</strong></span> <span class='ocrx_word' id='word_1_251' title='bbox 1369 3855 1557 3932; x_wconf 70' lang='lat' dir='ltr'><strong>nequiverunt</strong></span> <span class='ocrx_word' id='word_1_252' title='bbox 1579 3858 1650 3914; x_wconf 86' lang='lat' dir='ltr'><strong>vul·</strong></span> 
     </span>
     <span class='ocr_line' id='line_1_29' title="bbox 245 3957 1670 4040; baseline 0 -22"><span class='ocrx_word' id='word_1_253' title='bbox 245 3979 293 4040; x_wconf 85' lang='lat' dir='ltr'><strong>go.</strong></span> <span class='ocrx_word' id='word_1_254' title='bbox 315 3977 377 4016; x_wconf 85' lang='lat' dir='ltr'><strong>non</strong></span> <span class='ocrx_word' id='word_1_255' title='bbox 394 3957 486 4017; x_wconf 83' lang='lat' dir='ltr'><strong>laetus</strong></span> <span class='ocrx_word' id='word_1_256' title='bbox 498 3960 622 4038; x_wconf 79' lang='lat' dir='ltr'><strong>gemitus</strong></span> <span class='ocrx_word' id='word_1_257' title='bbox 639 3959 773 4021; x_wconf 81' lang='lat' dir='ltr'><strong>virorum</strong></span> <span class='ocrx_word' id='word_1_258' title='bbox 791 3964 947 4022; x_wconf 69' lang='lat' dir='ltr'><strong>anulinum</strong></span> <span class='ocrx_word' id='word_1_259' title='bbox 967 3962 1052 4020; x_wconf 84' lang='lat' dir='ltr'><strong>Fabr.</strong></span> <span class='ocrx_word' id='word_1_260' title='bbox 1074 3971 1255 4021; x_wconf 71' lang='lat' dir='ltr'><strong>conlaudare</strong></span> <span class='ocrx_word' id='word_1_261' title='bbox 1276 3959 1380 4016; x_wconf 86' lang='lat' dir='ltr'><strong>nolunt</strong></span> <span class='ocrx_word' id='word_1_262' title='bbox 1401 3957 1427 4017; x_wconf 83' lang='lat' dir='ltr'><strong>sl</strong></span> <span class='ocrx_word' id='word_1_263' title='bbox 1446 3958 1532 4017; x_wconf 80' lang='lat' dir='ltr'><strong>liceat</strong></span> <span class='ocrx_word' id='word_1_264' title='bbox 1551 3958 1644 4018; x_wconf 87' lang='lat' dir='ltr'><strong>Vatic.</strong></span> <span class='ocrx_word' id='word_1_265' title='bbox 1666 3979 1670 3984; x_wconf 91' lang='lat'>·</span> 
     </span>
     <span class='ocr_line' id='line_1_30' title="bbox 244 4061 1644 4149; baseline 0 -27"><span class='ocrx_word' id='word_1_266' title='bbox 244 4063 316 4140; x_wconf 81' lang='lat' dir='ltr'><strong>quin</strong></span> <span class='ocrx_word' id='word_1_267' title='bbox 332 4061 458 4142; x_wconf 79' lang='lat' dir='ltr'><strong>optatius</strong></span> <span class='ocrx_word' id='word_1_268' title='bbox 469 4073 575 4124; x_wconf 81' lang='lat' dir='ltr'><strong>veteres</strong></span> <span class='ocrx_word' id='word_1_269' title='bbox 593 4064 671 4123; x_wconf 87' lang='lat' dir='ltr'><strong>libri.</strong></span> <span class='ocrx_word' id='word_1_270' title='bbox 691 4065 743 4142; x_wconf 81' lang='lat' dir='ltr'><strong>qui</strong></span> <span class='ocrx_word' id='word_1_271' title='bbox 759 4069 857 4149; x_wconf 64' lang='lat' dir='ltr'><strong>vulgo.</strong></span> <span class='ocrx_word' id='word_1_272' title='bbox 879 4065 1125 4142; x_wconf 76' lang='lat' dir='ltr'><strong>eommum‘mque.</strong></span> <span class='ocrx_word' id='word_1_273' title='bbox 1140 4066 1202 4124; x_wconf 77' lang='lat' dir='ltr'><strong>eius</strong></span> <span class='ocrx_word' id='word_1_274' title='bbox 1216 4067 1283 4122; x_wconf 86' lang='lat' dir='ltr'><strong>loco</strong></span> <span class='ocrx_word' id='word_1_275' title='bbox 1296 4061 1546 4141; x_wconf 67' lang='lat' dir='ltr'><strong>commaticosque</strong></span> <span class='ocrx_word' id='word_1_276' title='bbox 1557 4061 1644 4123; x_wconf 77' lang='lat' dir='ltr'><strong>Febr.</strong></span> 
     </span>
     <span class='ocr_line' id='line_1_31' title="bbox 243 4163 1647 4246; baseline 0.002 -22"><span class='ocrx_word' id='word_1_277' title='bbox 243 4165 319 4228; x_wconf 83' lang='lat' dir='ltr'><strong>Bria.</strong></span> <span class='ocrx_word' id='word_1_278' title='bbox 338 4199 379 4214; x_wconf 88' lang='lat'><em>-</em></span> <span class='ocrx_word' id='word_1_279' title='bbox 402 4165 475 4246; x_wconf 85' lang='lat' dir='ltr'><strong>Cap.</strong></span> <span class='ocrx_word' id='word_1_280' title='bbox 490 4167 519 4226; x_wconf 84' lang='lat'><strong>5.</strong></span> <span class='ocrx_word' id='word_1_281' title='bbox 538 4167 705 4232; x_wconf 65' lang='lat' dir='ltr'><strong>(lentinum.</strong></span> <span class='ocrx_word' id='word_1_282' title='bbox 725 4169 799 4228; x_wconf 79' lang='lat' dir='ltr'><strong>elim.</strong></span> <span class='ocrx_word' id='word_1_283' title='bbox 819 4173 917 4228; x_wconf 77' lang='lat' dir='ltr'><strong>Vatia.</strong></span> <span class='ocrx_word' id='word_1_284' title='bbox 938 4167 1023 4226; x_wconf 86' lang='lat' dir='ltr'><strong>Fabr.</strong></span> <span class='ocrx_word' id='word_1_285' title='bbox 1043 4167 1137 4227; x_wconf 79' lang='lat' dir='ltr'><strong>armis</strong></span> <span class='ocrx_word' id='word_1_286' title='bbox 1151 4177 1201 4228; x_wconf 79' lang='lat' dir='ltr'><strong>aut</strong></span> <span class='ocrx_word' id='word_1_287' title='bbox 1218 4165 1324 4224; x_wconf 79' lang='lat' dir='ltr'><strong>mttta’a</strong></span> <span class='ocrx_word' id='word_1_288' title='bbox 1340 4163 1437 4224; x_wconf 83' lang='lat' dir='ltr'><strong>codd.</strong></span> <span class='ocrx_word' id='word_1_289' title='bbox 1458 4173 1485 4226; x_wconf 76' lang='lat' dir='ltr'><strong>el</strong></span> <span class='ocrx_word' id='word_1_290' title='bbox 1498 4165 1560 4226; x_wconf 81' lang='lat' dir='ltr'><strong>mit.</strong></span> <span class='ocrx_word' id='word_1_291' title='bbox 1581 4167 1647 4227; x_wconf 85' lang='lat' dir='ltr'><strong>lue·</strong></span> 
     </span>
     <span class='ocr_line' id='line_1_32' title="bbox 244 4269 1645 4353; baseline 0.003 -23"><span class='ocrx_word' id='word_1_292' title='bbox 244 4281 323 4344; x_wconf 82' lang='lat' dir='ltr'><strong>runt,</strong></span> <span class='ocrx_word' id='word_1_293' title='bbox 341 4271 393 4353; x_wconf 83' lang='lat' dir='ltr'><strong>qui</strong></span> <span class='ocrx_word' id='word_1_294' title='bbox 410 4273 538 4352; x_wconf 77' lang='lat' dir='ltr'><strong>legerant</strong></span> <span class='ocrx_word' id='word_1_295' title='bbox 557 4271 635 4334; x_wconf 76' lang='lat' dir='ltr'><strong>arvis</strong></span> <span class='ocrx_word' id='word_1_296' title='bbox 652 4280 680 4332; x_wconf 76' lang='lat' dir='ltr'><strong>et</strong></span> <span class='ocrx_word' id='word_1_297' title='bbox 698 4293 737 4336; x_wconf 86' lang='lat' dir='ltr'><strong>m.</strong></span> <span class='ocrx_word' id='word_1_298' title='bbox 758 4274 883 4352; x_wconf 68' lang='lat' dir='ltr'><strong>eorruoit</strong></span> <span class='ocrx_word' id='word_1_299' title='bbox 899 4271 1008 4332; x_wconf 80' lang='lat' dir='ltr'><strong>Douza.</strong></span> <span class='ocrx_word' id='word_1_300' title='bbox 1039 4270 1120 4350; x_wconf 77' lang='lat' dir='ltr'><strong>agris</strong></span> <span class='ocrx_word' id='word_1_301' title='bbox 1133 4269 1291 4353; x_wconf 80' lang='lat' dir='ltr'><strong>legendnm</strong></span> <span class='ocrx_word' id='word_1_302' title='bbox 1309 4289 1366 4331; x_wconf 82' lang='lat' dir='ltr'><strong>esse</strong></span> <span class='ocrx_word' id='word_1_303' title='bbox 1386 4288 1498 4332; x_wconf 84' lang='lat' dir='ltr'><strong>conseo.</strong></span> <span class='ocrx_word' id='word_1_304' title='bbox 1519 4270 1570 4352; x_wconf 79' lang='lat' dir='ltr'><strong>qm·</strong></span> <span class='ocrx_word' id='word_1_305' title='bbox 1587 4273 1645 4334; x_wconf 91' lang='lat' dir='ltr'><strong>do·</strong></span> 
     </span>
    </p>
   </div>
   <div class='ocr_carea' id='block_1_4' title="bbox 0 0 2276 5318">
    <p class='ocr_par' dir='ltr' id='par_1_4' title="bbox 0 0 2276 5318">
     <span class='ocr_line' id='line_1_33' title="bbox 0 0 2276 5318; baseline 0 1"><span class='ocrx_word' id='word_1_306' title='bbox 0 0 2276 5318; x_wconf 95' lang='lat' dir='ltr'><strong> </strong></span> 
     </span>
    </p>
   </div>
   <div class='ocr_carea' id='block_1_5' title="bbox 2265 1249 2275 4898">
    <p class='ocr_par' dir='ltr' id='par_1_5' title="bbox 2265 1249 2275 4898">
     <span class='ocr_line' id='line_1_34' title="bbox 2265 1249 2275 4898; baseline 0 0"><span class='ocrx_word' id='word_1_307' title='bbox 2265 1249 2275 4898; x_wconf 95' lang='lat' dir='ltr'><strong> </strong></span> 
     </span>
    </p>
   </div>
  </div>
 </body>
</html>
