4570 5316
1594 405 1666 485 185

269 579 437 661 tionibus
456 579 562 660 locus
588 582 857 689 importunus:
883 581 956 660 iter
985 583 1280 664 castellanorum
1308 600 1512 693 angustum
1537 584 1669 664 admo-

270 699 383 794 dum,
407 707 603 809 utrimque
628 709 835 811 praecisum
890 706 1023 784 Vincae
1051 737 1140 784 cum
1161 710 1306 816 ingenti
1327 710 1499 815 periculo
1526 707 1667 786 frustra

269 829 498 930 agebantur3
521 859 616 906 nam
635 859 758 934 quum
775 856 828 908 ese
856 830 1033 932 paullum
1050 849 1328 934 processerant,
1345 833 1428 936 igni
1442 848 1514 906 aut
1528 831 1670 936 lapidi·

271 949 342 1028 bus
368 955 742 1056 corrumpebantur:
766 953 905 1028 milites
939 977 1065 1055 neque
1085 981 1155 1056 pro
1180 981 1292 1059 opere
1324 955 1524 1040 consistere
1551 980 1668 1059 prop-
1695 947 1698 954 Δ

273 1087 330 1148 ter
348 1073 594 1176 iniquitatem
612 1076 704 1164 loci,
730 1100 855 1178 neque
867 1075 972 1150 inter
988 1076 1114 1150 vineas
1133 1077 1216 1152 sine
1237 1077 1409 1181 periculo
1425 1075 1668 1182 administra·

272 1221 338 1270 rc:
364 1213 543 1298 optumus
570 1197 732 1300 quisque
758 1199 893 1272 cadere
912 1214 981 1272 aut
1009 1197 1201 1293 sauciari;
1225 1200 1356 1276 ceteris
1382 1216 1504 1275 metus
1528 1195 1668 1302 augeri.

272 1321 322 1394 At
336 1320 497 1410 Marius,
522 1321 652 1396 mul-tis
671 1321 804 1396 diebus
820 1337 859 1396 et
878 1321 1073 1396 laboribus
1094 1324 1343 1427 consumptis,
1363 1321 1499 1396 anxius
1519 1317 1715 1408 traherent

264 1466 363 1521 ‘cum
391 1441 520 1517 animo
545 1467 634 1532 suo,
650 1521 654 1528 ,
669 1443 908 1520 omitteretne
932 1445 1146 1547 inceptum,
1181 1445 1368 1548 quoniam
1396 1443 1537 1520 frustra
1567 1456 1670 1533 erat;

273 1589 324 1640 an
348 1562 546 1638 fortunam
577 1566 835 1668 opperiretur,
871 1593 947 1670 qua
965 1591 1066 1670 soepe
1091 1557 1269 1671 prospere
1288 1589 1385 1641 usus.
1428 1565 1526 1662 Quae
1547 1587 1670 1667 quum

273 1685 413 1762 multos
440 1686 517 1762 dies
543 1704 747 1789 noctesque
775 1705 937 1763 aestuans
967 1690 1149 1794 agitaret,
1173 1687 1271 1763 forte
1300 1685 1460 1788 quidam
1486 1685 1599 1788 Ligus
1624 1709 1682 1766 ex.

275 1804 495 1885 cohortibus
523 1809 733 1885 auxiliariis
764 1811 871 1886 miles
895 1812 1099 1915 gregarius,
1121 1808 1254 1884 castris
1281 1821 1468 1908 aquatum
1493 1807 1673 1907 egressus,

272 1928 380 2006 haud
398 1933 534 2036 procul
559 1934 608 2006 ab
628 1933 745 2008 latere
769 1933 929 2022 castelli,
955 1932 1061 2034 quod
1089 1955 1265 2006 avorsum
1281 1925 1545 2032 praeliantibus
1573 1941 1673 2012 eret,

165 2127 176 2150 ,
275 2054 449 2133 animum
473 2055 642 2130 advortit
671 2053 774 2129 inter
801 2079 889 2130 saxa
921 2055 1086 2157 repentis
1114 2051 1316 2128 cochleas:
1350 2075 1517 2151 quarum
1551 2073 1675 2148 quum

276 2202 396 2252 unam
415 2193 530 2280 atque
552 2177 728 2266 alteram,
750 2176 842 2251 dein
864 2176 992 2280 plures
1013 2192 1173 2280 peteret,
1197 2173 1325 2249 studio
1349 2170 1505 2276 legundi
1526 2167 1676 2273 paulla-

277 2297 347 2374 tim
371 2325 491 2403 prope
514 2299 565 2374 ad
582 2325 777 2375 summum
802 2300 943 2374 montis
968 2323 1131 2402 egressus
1161 2313 1225 2372 est.
1262 2294 1338 2368 Ubi
1362 2310 1565 2398 postquam
1589 2291 1677 2366 soli·
1795 2357 1799 2366 .

280 2421 454 2498 tudinem
470 2421 679 2510 intellexit,
693 2446 799 2494 more
815 2421 958 2524 ingenii
978 2419 1159 2509 humaui,
1175 2417 1317 2522 cupido
1340 2416 1509 2492 difficilia
1528 2412 1678 2491 faciun-

266 2581 346 2690 ¹ostiu
358 2645 471 2707 sopp.
491 2625 589 2685 Guelf.
601 2645 626 2684 ι.
647 2623 695 2682 hu
705 2643 736 2703 p.
755 2620 818 2688 Bas.
832 2621 899 2694 1.ss
917 2620 1006 2701 Μαι
1025 2620 1110 2680 Bern.
1124 2624 1152 2682 5.
1174 2619 1290 2678 sessu.
1303 2639 1329 2676 ι.
1352 2617 1433 2678 Fabr.
1448 2639 1473 2676 ι.
1500 2617 1570 2696 ng.
1589 2634 1677 2695 prou.

279 2751 339 2792 om.
359 2732 429 2794 Vin.
444 2752 470 2790 1.
489 2719 608 2789 Murtiu.
628 2747 740 2788 erasum
755 2727 787 2785 in
801 2726 875 2790 Tur..
892 2723 971 2804 igni,
983 2722 1055 2806 viel
1072 2723 1205 2802 lapsen.
1216 2741 1243 2781 a.
1258 2721 1356 2780 Heuss.
1368 2719 1551 2800 igrotvtns
1568 2717 1679 2798 lepidi-

278 2837 391 2898 busuut
405 2834 471 2896 atos
490 2833 614 2894 Leidn.
628 2849 723 2912 prope
737 2829 891 2891 comitare
909 2829 978 2892 Vin.
992 2849 1017 2886 ι.
1037 2828 1098 2888 ius.
1110 2847 1135 2886 ι.
1156 2825 1256 2885 Guell.
1268 2844 1313 2883 ιι.
1324 2843 1372 2887 12.
1392 2823 1479 2884 Bern.
1489 2823 1518 2883 3.

363 2984 495 3069 Cap-93·
516 2986 618 3048 animo
633 3005 696 3046 suo.
716 3004 767 3044 suc
780 3004 841 3048 om.
858 2985 917 3048 inc.
928 3003 954 3041 ι.
975 2980 1121 3061 inceptum
1137 2999 1198 3038 orn.
1215 2975 1313 3035 Gucll.
1332 2975 1360 3046 i.
1379 2993 1515 3055 prospere
1527 2993 1593 3033 usus
1601 2975 1678 3050 fiss-

281 3083 333 3155 ναί
349 3095 390 3156 ita
403 3093 509 3174 optimi
523 3102 551 3151 et
564 3090 685 3170 plurimi
698 3089 776 3152 libri.
794 3087 935 3170 prospero
951 3086 1018 3146 Ecc.
1041 3107 1073 3146 u.
1086 3093 1159 3147 eret.
1179 3081 1247 3141 Ecc.
1267 3079 1351 3139 Rem.
1372 3099 1397 3137 1.
1418 3077 1540 3137 Icidh.
1566 3078 1680 3156 aliquot

282 3198 409 3260 Grutsri.
429 3195 612 3258 duoWassii.
632 3193 692 3252 Erl.
711 3192 781 3252 Tur.
797 3201 841 3252 est
861 3191 946 3251 Febr.
961 3189 1029 3272 Teg.
1050 3185 1247 3249 unusWsssii.
1266 3183 1389 3246 verbum
1406 3200 1467 3248 om.
1481 3200 1558 3239 uuus
1565 3179 1679 3241 Wassii.

284 3305 389 3364 stultos
404 3302 465 3362 dies
479 3309 577 3362 noctu
593 3298 716 3360 trac-s
743 3295 862 3356 dicsoel
879 3305 977 3356 noctes
1005 3293 1103 3352 Guell.
1121 3291 1150 3349 6.
1177 3287 1272 3366 Ligur
1291 3290 1416 3347 vrato.
1445 3284 1527 3364 Berg.
1548 3302 1681 3344 ovcrnsm

283 3411 352 3469 Sco.
367 3429 392 3468 ι.
406 3417 435 3466 et
448 3417 504 3466 tres
515 3405 564 3464 slii
580 3424 614 3462 cx
629 3401 711 3462 Cort.
726 3403 884 3460 adeersum
908 3398 1029 3478 plurimi
1051 3395 1130 3453 libri.
1156 3390 1281 3452 advertit
1299 3389 1432 3448 ommam
1446 3387 1543 3451 Guell.
1554 3388 1590 3448 ὅ.
1611 3386 1682 3446 oni·

286 3535 366 3573 mum
380 3510 504 3574 uomit
524 3509 586 3568 Bas.
599 3528 624 3566 ι.
645 3507 768 3572 Remu.
789 3503 936 3562 Commel.
955 3501 1055 3558 Norar.
1075 3497 1188 3555 Febris.
1199 3495 1285 3554 nivii.
1300 3513 1391 3552 unam
1407 3492 1532 3550 alteram
1547 3490 1682 3554 Gusttt.

286 3619 414 3679 occclcm
432 3617 494 3675 Bas.
507 3636 532 3673 ι.
552 3612 663 3674 cocleas
683 3610 744 3669 Bas.
760 3610 789 3678 A.
810 3607 893 3665 Bern.
912 3611 938 3668 3.
959 3623 1041 3662 more
1059 3598 1185 3660 humani
1204 3597 1318 3676 ingenii
1332 3596 1438 3675 cupido
1457 3595 1587 3674 dffcitr'c
1595 3595 1684 3671 soei-

287 3723 362 3783 undi
374 3716 580 3781 animaduertit
601 3719 640 3776 ita
663 3717 721 3774 lere
738 3711 834 3772 Codd.
856 3711 910 3768 nisi
927 3709 1007 3790 quod
1024 3709 1056 3765 in
1077 3715 1223 3787 postremo
1243 3701 1332 3764 verbo
1354 3701 1526 3759 dissentiunt
1543 3699 1596 3757 clr.
1615 3697 1683 3756 Aul.

287 3825 403 3908 Gell.9.
422 3829 468 3887 13.
495 3823 574 3883 Non.
590 3823 679 3880 Marc.
693 3841 720 3879 ι.
734 3819 802 3884 465.
822 3814 955 3874 animum
965 3812 1053 3873 vertit
1075 3810 1157 3872 Febr.
1171 3829 1195 3866 ι.
1216 3806 1301 3866 Rem.
1330 3805 1390 3862 Bos.
1405 3825 1429 3865 r.
1443 3801 1471 3872 l.
1498 3803 1564 3859 Seu.
1583 3799 1686 3859 Heus.

286 3933 387 3994 Vinar.
406 3951 433 3990 a.
452 3929 532 3990 Vrat.
547 3948 572 3990 2.
581 3926 609 3986 3.
632 3924 804 3993 Guell.s.i.
817 3945 845 4003 7.
862 3941 908 3980 ιι.
928 3923 1026 4000 plures
1036 3917 1122 3978 ttivii.
1141 3913 1211 3992 Tog-
1228 3910 1319 3968 Paris·
1331 3929 1356 3966 c·
1370 3907 1400 3963 d·
1421 3925 1472 3962 on·
1487 3902 1614 3963 ads’ettt't
1633 3901 1684 3961 dc.

243 4021 249 4030 ¹
289 4035 372 4096 Rern.
387 4059 411 4094 ι.
431 4034 511 4094 Lcid.
523 4053 554 4096 n.
574 4029 715 4092 vertitvel
730 4025 854 4086 advertit
874 4027 960 4084 etium
977 4023 1108 4080 meliores
1126 4017 1213 4075 Palut.
1234 4033 1285 4071 on.
1303 4007 1439 4068 accendit
1451 4007 1560 4065 'Frons
1581 4007 1683 4064 inccrt.

290 4140 385 4202 Gucll.
397 4140 426 4201 3.
441 4159 486 4199 ιι.
506 4135 623 4197 Leidk.
635 4155 676 4191 m.
697 4133 756 4190 Erl.
776 4129 903 4188 intendit
923 4127 1057 4185 deterior.
1072 4122 1190 4182 Pslstin.
1211 4137 1261 4174 on.
1277 4115 1348 4190 cepit
1371 4111 1466 4169 Guell.
1480 4132 1508 4190 9.
1530 4109 1611 4190 Berg.
1632 4129 1683 4174 an.

289 4245 403 4310 irwodit
422 4243 519 4304 Guell.
538 4241 568 4300 6.
585 4237 692 4302 'invasit
718 4231 874 4300 Latent
885 4235 907 4294 l.
927 4220 953 4289 ι’.
964 4229 994 4290 b.
1006 4250 1032 4287 e.
1059 4223 1185 4286 attendit
1197 4220 1278 4279 Leid.
1294 4219 1323 4274 d.
1344 4235 1400 4296 pro
1416 4215 1522 4294 cupido
1540 4215 1641 4278 Vinus.
1656 4237 1683 4276 ι.

1240 4356 1287 4444 224
