4560 5338
1612 397 1656 488 41

251 549 387 644 ritate,
414 557 556 661 quibus
584 585 672 666 opes
692 561 811 639 nullae
831 580 938 657 sunt,
963 561 1075 644 bonis
1103 563 1294 660 invident,
1317 569 1437 648 malos
1453 573 1661 670 extollunt,

252 691 378 752 vetera
402 682 530 774 odere,
556 712 654 763 nova
680 706 884 792 exoptant3
915 691 1003 768 odio
1022 719 1181 768 suarum
1205 721 1335 770 rerum
1357 695 1501 772 mutari
1529 699 1659 788 omnia

254 799 437 900 student,
470 809 583 884 turba
614 827 730 915 atque
754 813 1004 892 seditionibus
1029 817 1112 892 sine
1142 845 1234 892 cura
1263 819 1449 894 aluntur:
1474 823 1661 924 quoniam

255 941 393 1028 egestas
418 929 531 1008 facile
558 933 724 1010 habetur
748 936 830 1013 sine
854 938 1005 1015 damno.
1050 940 1122 1015 Sed
1151 940 1300 1016 urbana
1326 943 1471 1047 plebes,
1496 972 1541 1020 eo
1572 973 1660 1022 vero

255 1072 422 1156 praeceps
447 1074 529 1132 erat
556 1060 688 1136 multis
719 1062 768 1138 de
795 1063 941 1138 caussis.
989 1064 1163 1140 Primum
1187 1067 1381 1156 omnium,
1417 1067 1485 1169 qui
1515 1068 1662 1171 ubique

258 1173 401 1273 probro
429 1198 545 1284 atque
564 1184 779 1287 petulantia
808 1213 986 1262 maxume
1008 1187 1262 1291 praestabant3
1285 1190 1378 1264 item
1404 1190 1470 1264 alii
1502 1219 1571 1294 per
1597 1191 1662 1268 de-

259 1293 395 1374 decora
418 1307 660 1406 patrimoniis
681 1309 844 1403 amissis;
867 1328 1056 1414 postremo
1081 1338 1232 1403 omnes,
1257 1338 1352 1416 quos
1379 1312 1569 1418 flagitium
1595 1331 1664 1390 aut

259 1414 409 1500 facinus
426 1427 541 1505 domo
559 1433 775 1536 expulerat,
799 1434 827 1507 ii
842 1436 1020 1525 Romam,
1040 1435 1153 1511 sicuti
1174 1436 1217 1511 in
1238 1437 1449 1529 sentinam,
1470 1438 1665 1514 confluxe·

261 1561 361 1620 rant
397 1551 547 1629 Deinde
563 1555 679 1630 multi
696 1581 879 1632 memores
894 1558 1062 1633 Sullanae
1082 1558 1271 1648 victoriae,
1297 1559 1404 1662 quod
1425 1587 1473 1636 ex
1488 1561 1665 1665 gregariis

262 1667 451 1751 militibus
472 1676 564 1752 alios
583 1681 779 1756 Senatores
793 1680 989 1774 videbant,
1005 1681 1098 1756 alios
1119 1683 1173 1756 ita
1194 1681 1339 1772 divites,
1355 1683 1415 1756 uti
1438 1684 1540 1788 regio
1562 1683 1667 1759 victu

264 1809 378 1898 atque
397 1799 509 1876 cultu
535 1819 687 1880 aetatem
717 1820 889 1910 agerent,
912 1804 984 1879 sibi
1001 1793 1187 1907 ¹(piisque,
1209 1805 1241 1880 si
1264 1803 1315 1880 in'
1338 1805 1453 1881 armis
1482 1806 1597 1898 soret,
1622 1834 1667 1882 ex

264 1917 421 1996 victoria
441 1926 531 2000 talia
549 1929 734 2031 sperabat.
771 1931 952 2003 Praeterea
970 1929 1165 2019 iuventus,
1183 1953 1269 2031 quae
1285 1929 1328 2003 in
1348 1928 1463 2033 agris,
1477 1957 1669 2005 manuum

265 2044 459 2138 memede,
483 2049 656 2156 inopiam
681 2052 926 2141 toleraverat,
946 2051 1102 2154 privatis
1127 2067 1243 2153 atque
1270 2051 1435 2154 publicis
1457 2052 1669 2158 largitioni-

265 2161 336 2242 bus
360 2171 504 2262 excita,
528 2173 725 2252 urbanum
746 2177 869 2250 otium
889 2175 1039 2281 ingrato
1060 2175 1188 2249 labori
1210 2175 1448 2278 praetuleram
1473 2202 1535 2250 eos
1554 2193 1670 2279 atque

267 2287 360 2372 alios
382 2297 506 2374 omnis
525 2299 673 2374 malum
691 2300 896 2404 publicum
917 2299 1043 2373 alebat
1090 2299 1179 2395 Quo
1200 2299 1328 2374 minus
1348 2299 1587 2390 mirandum,
1601 2296 1672 2375 ho-

267 2414 388 2490 mines
408 2421 566 2524 egentis,
591 2422 701 2496 malis
724 2423 913 2512 moribus,
939 2449 1119 2498 maxuma
1141 2447 1225 2525 spe,
1258 2423 1478 2526 reipublicae
1500 2425 1606 2499 iuxta
1627 2451 1672 2498 ac

267 2537 340 2611 sibi
358 2544 597 2622 consuluisse.
638 2550 820 2621 Praeterea
840 2572 1026 2648 quorum,
1051 2544 1210 2620 victoria
1233 2545 1364 2636 Sullae,
1387 2562 1563 2651 parentes
1584 2573 1673 2649 pro-

269 2663 419 2768 scripti,
445 2668 547 2748 bona
577 2685 728 2774 erepta,
753 2669 812 2745 ius
835 2668 1021 2744 libertatis
1051 2668 1302 2743 imminutum
1324 2684 1421 2758 erat,
1446 2667 1555 2742 haud
1583 2693 1674 2743 sane

353 2885 425 2969 Cap.
444 2891 496 2974 37.
534 2891 684 2954 conarer.
702 2903 799 2953 mut.
826 2895 929 2954 insert
948 2913 975 2954 a.
996 2893 1094 2954 Guelf.
1110 2892 1139 2952 3.
1166 2891 1290 2951 Leitk.
1317 2891 1380 2951 Bas.
1393 2891 1421 2952 3.
1450 2910 1560 2951 mser.
1590 2887 1675 2949 Bern.

275 3013 301 3050 ι.
326 2993 429 3072 plebes.
462 2997 523 3063 llas.
547 3018 574 3058 1.
594 2997 643 3056 sod
669 3001 760 3078 paulo
787 3008 854 3077 post
880 2999 968 3078 pleps.
1001 2997 1053 3076 qui
1070 2999 1165 3076 (inter
1188 2999 1278 3055 lineas
1302 2997 1373 3074 bus)
1404 2995 1472 3056 Eoo.
1498 2995 1568 3054 inde
1595 2993 1676 3057 Cort.

272 3096 335 3174 quir
356 3102 514 3183 legendum
541 3112 646 3162 censet.
674 3103 809 3181 expressit
832 3101 909 3160 Edit.
933 3102 1051 3161 Par-isin.
1082 3119 1209 3180 praeceps
1234 3101 1319 3158 ierat.
1341 3103 1442 3160 insert.
1468 3120 1492 3157 ι.
1527 3099 1625 3182 Turio.
1651 3118 1677 3154 ι.

274 3201 404 3264 Borma·
433 3207 466 3264 in
492 3207 623 3290 margine
643 3227 683 3266 ιιι.
708 3227 765 3264 sec.
791 3214 856 3264 erut
884 3208 980 3266 ceteri.
1011 3205 1049 3264 de
1074 3204 1173 3264 multis
1192 3204 1286 3264 caruis
1313 3207 1401 3284 longe
1428 3203 1549 3282 plurimi
1580 3200 1677 3260 Codd.

274 3307 423 3370 massada
441 3311 544 3372 rarau.
586 3310 683 3372 Guell.
709 3332 733 3369 ι.
758 3330 784 3373 ι.
806 3309 836 3370 3.
858 3311 887 3380 A.
910 3309 937 3369 5.
959 3309 989 3368 6.
1010 3330 1040 3389 9.
1065 3329 1111 3367 ιο.
1136 3328 1181 3368 ιι.
1222 3327 1260 3366 ex
1280 3307 1378 3366 multis
1397 3303 1490 3366 musis
1518 3303 1631 3364 Fabric.
1651 3325 1678 3364 2.

272 3415 440 3493 prestabat.
461 3417 595 3476 meliores
615 3414 732 3476 Gruteri
751 3415 856 3476 insert.
873 3432 899 3471 1.
920 3411 1017 3476 Guell.
1034 3433 1058 3470 ι.
1079 3411 1161 3470 leid.
1174 3415 1194 3469 l.
1219 3421 1364 3490 postremo
1379 3429 1458 3488 quoa.
1481 3410 1598 3487 (omisso
1613 3429 1681 3468 om-

277 3519 337 3598 nes)
360 3521 532 3581 thassii
545 3519 612 3580 libri
640 3517 767 3583 Leid.b.
788 3517 830 3576 lu'.
852 3516 921 3598 Teg.
942 3515 1005 3576 Bas.
1023 3538 1048 3574 ι.
1065 3517 1093 3586 Δ.
1114 3515 1183 3574 Tur.
1203 3537 1227 3573 ι.
1258 3516 1328 3575 dein
1349 3514 1434 3574 mulli
1463 3511 1533 3573 Tur.
1552 3534 1576 3572 ι.
1603 3535 1681 3591 aqua

277 3622 311 3680 t'n
329 3623 476 3683 sentinam
505 3623 595 3688 lead.
615 3623 677 3688 Bas.
695 3644 722 3683 2.
749 3623 845 3684 Struv.
866 3622 969 3682 morra
988 3641 1017 3682 ι.
1044 3621 1144 3680 Viuar.
1163 3641 1191 3683 ι.
1211 3619 1308 3680 Guelf.
1323 3622 1351 3679 6.
1369 3643 1396 3699 7.
1413 3621 1441 3682 8.
1457 3641 1486 3699 9.
1506 3605 1551 3678 ιο.
1569 3639 1614 3676 ιι.
1635 3639 1680 3676 12.

279 3725 358 3788 leid.
371 3727 402 3794 h.
413 3749 445 3790 ιι.
466 3729 535 3789 Tur.
549 3749 576 3788 ι.
597 3727 682 3788 Bern.
697 3749 724 3789 ι.
740 3728 771 3788 3.
790 3745 883 3806 uquoe.
903 3726 985 3788 Leid.
1001 3747 1042 3785 m.
1064 3725 1116 3804 qni
1127 3745 1164 3784 es
1174 3745 1258 3804 greg.
1285 3725 1381 3784 Guelf.
1397 3725 1426 3794 l.
1442 3725 1471 3783 6.
1493 3725 1552 3782 ine.
1570 3742 1597 3780 2.
1613 3720 1681 3804 Bas.

282 3852 309 3892 a.
329 3833 898 3914 urmbsoret-sperubut-proetrdarut.
921 3831 1000 3893 llirii
1014 3830 1098 3900 libri,
1114 3829 1231 3893 Gruter.
1252 3830 1343 3888 Wass.
1366 3847 1467 3888 omnes
1477 3825 1558 3885 Leid.
1581 3824 1642 3882 Bas.
1657 3845 1682 3880 ι.

282 3943 351 4002 ml·
378 3937 449 3998 Tur.
466 3960 493 3999 ι.
523 3938 608 3999 Bern.
625 3959 693 4000 ι.ι.
713 3941 800 4015 soret
820 3937 905 3997 Bem-
929 3941 956 4000 3.
976 3938 1094 4013 soret·
1104 3934 1285 4014 praetulerat.
1311 3933 1380 3990 Tur.
1398 3952 1423 3989 ι.
1453 3931 1558 3998 Baal-
1577 3930 1683 4004 forent

279 4044 339 4106 irte-
361 4065 386 4102 ι.
407 4043 506 4104 Guell.
521 4065 566 4103 ιο.
586 4043 753 4124 sperabant.
773 4041 870 4102 Guels.
886 4061 931 4104 ιο.
951 4039 1036 4104 Bern.
1049 4037 1078 4098 3.
1099 4017 1168 4096 'l'ur.
1189 4059 1214 4096 1.
1235 4036 1297 4096 Bas.
1310 4037 1338 4107 4.
1360 4034 1499 4094 excitata.
1516 4021 1579 4107 urbi
1599 4029 1689 4091 Fabr.

283 4167 311 4207 ι.
331 4148 382 4214 lc.
403 4147 501 4212 Guell.
511 4170 541 4228 9.
554 4169 599 4208 ιο.
620 4149 702 4209 Laid.
716 4169 742 4212 c.
754 4148 774 4212 f.
790 4145 822 4209 h.
836 4148 856 4205 i.
868 4147 895 4210 k.
918 4144 985 4204 mir.
1001 4153 1051 4204 est.
1072 4151 1113 4201 cst
1124 4142 1222 4200 delent
1241 4141 1338 4200 Guelf.
1353 4140 1382 4199 8.
1397 4159 1425 4218 9.
1456 4157 1545 4215 quum
1561 4145 1686 4198 sanatur.

278 4252 348 4316 Seu.
368 4273 394 4313 ι.
415 4253 478 4313 Bas.
490 4273 518 4312 ι.
531 4252 559 4313 3.
581 4251 679 4312 Gnell.
697 4252 725 4311 5.
742 4251 771 4314 6.
791 4251 858 4310 Ere.
879 4247 961 4313 Leid.
974 4247 996 4306 l.
1011 4267 1051 4304 m.
1072 4247 1142 4303 item
1155 4243 1268 4302 Fabric.
1285 4263 1311 4301 a.
1333 4241 1421 4304 lead.
1443 4263 1483 4301 m.
1495 4262 1541 4325 pr.
1564 4251 1689 4303 conterr-

1246 4365 1272 4436 6
