4542 5318
614 349 689 448 ηε
1695 465 1701 476 q

616 527 705 604 dem
723 551 791 632 ega
808 525 862 600 sic
883 524 993 628 apud'
1005 521 1183 600 animum
1201 548 1330 598 meum
1350 535 1494 612 statuo,
1523 520 1765 626 suinumque⁴
1777 523 1907 600 inesua·
1925 525 2017 600 oiri·

618 667 695 725 tate
710 649 876 752 amplior
891 646 1151 748 illustriorque
1174 643 1279 722 locus
1301 671 1419 748 quam
1437 644 1520 720 aliis
1535 663 1606 736 est,
1631 646 1673 720 ei
1689 661 1869 750 maguam
1884 674 2018 722 curam

616 797 702 850 esse·
724 771 955 875 reipublicae.
994 771 1092 845 Nam
1121 769 1268 858 ceteris,
1292 768 1393 844 salva
1417 767 1532 856 urbe,
1567 767 1842 842 tantummodo
1864 768 2018 843 libertas

620 911 702 970 tuta
723 910 802 970 est:
828 894 901 996 qui
918 919 987 996 per
1018 893 1198 968 virtutem
1218 891 1297 966 sihi
1316 890 1485 980 diuitias,
1509 889 1639 980 discus,
1671 888 1877 982 honorem,
1908 917 2019 994 pepe·

619 1033 771 1107 retunt,
796 1016 874 1091 ubi·
895 1015 1072 1118 paullum
1103 1014 1287 1088 inclinata
1321 1013 1535 1116 respublica
1557 1013 1692 1116 agitari
1714 1013 1857 1115 coepit,
1888 1015 2019 1088 multi-

619 1139 772 1244 pliciter
789 1137 940 1212 animus
955 1137 1055 1212 euris
1080 1153 1195 1238 atque
1214 1136 1408 1210 laboribus
1433 1133 1632 1238 fatigatum
1657 1151 1726 1208 aut
1747 1135 1926 1239 gloriam,
1952 1152 2020 1211 aut
2057 1156 2066 1172 ¹

621 1262 852 1348 libertatem,
878 1276 948 1334 aut
969 1287 1049 1334 rem
1069 1257 1324 1347 familiarem,
1352 1256 1547 1332 defensat:
1574 1257 1758 1330 omnibus
1781 1256 1871 1332 locis
1900 1259 2020 1349 adest,

621 1383 797 1459 festinat:
822 1399 968 1484 qtaanto
986 1382 1027 1454 in
1046 1381 1223 1455 secundis
1241 1380 1351 1454 rebus
1372 1378 1571 1454 florentior
1588 1377 1679 1467 fuit,
1707 1395 1813 1452 tanto
1831 1380 1873 1452 in
1889 1379 2021 1454 advor-

622 1504 670 1580 sis
688 1506 854 1609 asperius
877 1503 1069 1606 magisque
1089 1503 1200 1577 anxie
1224 1503 1349 1606 agitat.
1389 1503 1512 1606 Igitur
1535 1501 1606 1574 ubi
1631 1499 1757 1601 plebea
1784 1501 1958 1592 senatui,
1974 1501 2021 1575 si-

624 1629 703 1702 cuti
737 1653 875 1730 eorpus
904 1627 1054 1716 animo,
1074 1625 1218 1714 obedit,
1248 1624 1405 1725 eiusque
1430 1623 1602 1696 consulta
1629 1623 1874 1724 exsequitur:
1899 1641 2022 1726 patres

625 1749 784 1823 consilio
807 1749 930 1822 valere
948 1747 1073 1834 decet,
1102 1747 1247 1849 populo
1272 1771 1550 1849 supervacanea
1572 1762 1626 1818 est
1647 1744 1842 1819 calliditas
1890 1751 2023 1848 Itaque

626 1871 785 1946 maiores
803 1869 941 1958 nostri,
967 1895 1057 1942 cum
1078 1868 1436 1972 bellisasperrumis
1458 1883 1741 1970 premerentur,
1770 1869 1895 1970 equis,
1917 1869 2024 1958 viris,

624 1993 788 2094 pecunia
811 1992 959 2079 amissa,
985 2017 1190 2090 nunquam
1214 1989 1344 2063 defessi
1361 2005 1452 2063 sunt
1478 1989 1614 2062 armati
1632 1989 1680 2064 de
1697 1990 1857 2090 imperio
1873 2007 2024 2066 oertare.

624 2116 709 2188 Non
728 2114 867 2217 inopia·
882 2113 1027 2200 oerarii,
1054 2138 1135 2185 non
1156 2112 1210 2186 vis
1235 2110 1425 2200 hostium,
1451 2137 1537 2184 nou
1555 2111 1712 2186 advorsa
1731 2139 1802 2202 res,
1831 2114 2023 2216 ingentem

625 2263 758 2314 eorum
776 2237 950 2310 animum
975 2235 1142 2339 subegit,
1169 2232 1283 2335 quin,
1306 2259 1392 2334 quae
1410 2234 1565 2308 virtute*
1579 2251 1774 2336 ceperant,
1799 2237 1914 2310 simul
1935 2263 2024 2312 oum

626 2359 754 2434 anima
775 2360 991 2432 retinerent.
1031 2361 1220 2458 Atque-ea
1242 2354 1368 2458 magis.
1383 2353 1550 2429 fortibus
1569 2357 1755 2446 consiliis,
1778 2385 1895 2460 quam
1916 2360 2024 2434 bonis

626 2481 783 2584 praeliis,
806 2497 958 2583 patrata
978 2496 1076 2554 sunt
1115 2478 1270 2580 Quippe
1291 2476 1396 2578 apud
1422 2477 1605 2554 illosuua
1630 2481 1965 2582 1es1mlrliaaerat,
1989 2483 2023 2557 ei

628 2629 756 2678 omnes
778 2603 1030 2678 consulebant
1037 2636 1047 2696 3
1071 2601 1185 2677 factio
1207 2600 1484 2676 contrathostes
1506 2601 1734 2704 parabatur:
1759 2631 1895 2707 eorpus
1904 2621 2024 2708 atque

627 2725 992 2829 ingeniumpatriae,
1022 2753 1102 2801 non
1118 2749 1195 2798 suae
1212 2725 1373 2827 quisque
1392 2725 1592 2825 potentiae,
1614 2726 1853 2800 exercitabat
1887 2731 1937 2802 At
1952 2726 2026 2803 hoc

629 2861 806 2950 tempore
828 2864 963 2923 contra
999 2875 1042 2922 ea
1075 2847 1255 2922 homines
1280 2846 1446 2934 nobiles,
1477 2872 1644 2947 quorum
1674 2849 1819 2923 animos
1856 2851 2025 2925 socordia

630 2983 748 3070 atque
763 2969 911 3072 ignavia
930 2969 1083 3058 invasit,
1109 2968 1231 3072 ignari
1257 2967 1415 3056 laboris,
1437 2966 1623 3057 hostium,
1640 2970 1806 3064 militiae,
1829 2971 1933 3046 domi
1950 2974 2026 3048 fao·
2142 3057 2149 3066 ¹

632 3090 736 3166 tione
756 3090 952 3180 instructi,
971 3118 1040 3195 per
1057 3091 1276 3192 superbiam
1297 3090 1447 3164 eunctis
1467 3091 1645 3193 gentihus
1663 3093 1919 3169 moderantur.
1953 3099 2027 3170 Ita·

585 3251 614 3292 n
630 3240 706 3316 que
736 3231 876 3317 patres,
903 3239 1070 3316 quorum
1099 3213 1257 3289 consilio
1283 3229 1406 3287 antea
1425 3213 1551 3288 dubia
1573 3215 1786 3317 respublica
1813 3217 2027 3292 stabilieba-

631 3349 712 3426 tur,
731 3337 896 3439 oppressi
906 3365 955 3412 ex
970 3336 1289 3412 alienalubidine
1302 3327 1383 3410 huo
1397 3351 1513 3437 atque
1531 3335 1625 3410 illuc
1638 3335 1866 3416 fluctuantes
1883 3341 2027 3444 agitan-

629 3471 718 3530 tur:
743 3459 937 3534 interdum
956 3460 1062 3550 alia,
1075 3459 1334 3548 deindealia,
1358 3457 1588 3549 decernunt,
1614 3462 1675 3535 uti
1694 3483 1859 3551 eorum,
1873 3464 1941 3564 qui
1958 3465 2026 3538 do-

627 3579 844 3667 minantur,
855 3581 1026 3656 simultas
1041 3598 1109 3654 aut
1126 3581 1245 3684 gratia
1258 3580 1346 3668 fert,
1358 3579 1410 3698 ita
1422 3581 1570 3654 bonum
1584 3583 1806 3686 malumque
1822 3586 2025 3687 publicum

627 3717 835 3777 aestumant
865 3701 981 3798 Quod
1004 3703 1122 3776 siaut
1143 3701 1297 3776 libertas
1316 3725 1424 3802 aequa
1445 3703 1638 3792 omnium,
1666 3723 1733 3779 aut
1749 3709 1936 3782 sententia
1959 3709 2023 3783 ob-

625 3823 893 3917 scurioresset3
917 3824 1126 3910 maioribus
1147 3823 1281 3925 opibus
1299 3822 1511 3926 respublica
1534 3841 1575 3900 et
1589 3827 1715 3902 minus
1735 3847 1869 3932 potens
1883 3832 2022 3908 nobili-

628 4024 700 4105 Cap.
719 4049 765 4090 ιν.
786 4027 831 4086 uti
843 4017 944 4088 aarum
954 4028 1036 4090 fabr.
1046 4027 1121 4091 Bric.
1132 4037 1213 4088 vetos
1224 4025 1331 4086 Editio.
1351 4023 1484 4086 simultas
1504 4031 1678 4110 arrogantia
1689 4035 1794 4108 sertor
1802 4033 1903 4093 iidem.
1918 4034 2022 4096 simut-

624 4137 668 4188 tas
682 4149 719 4188 aa
736 4132 912 4210 arrogantia
937 4131 1169 4213 vulgosimultaa
1187 4139 1238 4190 out
1255 4129 1354 4209 gratia
1373 4129 1467 4192 Vatis.
1484 4132 1631 4210 publicam
1647 4143 1814 4194 exarmant·
1824 4159 1926 4196 omnes
1940 4140 2018 4201 libii.

622 4232 797 4296 existumant
812 4239 911 4318 vulgo.
932 4235 1089 4296 amentias
1098 4254 1199 4296 eoram
1215 4231 1384 4296 FabaBrio.
1395 4233 1542 4294 sententia
1555 4233 1648 4299 Vatis.
1665 4238 1790 4299 strenuis
1804 4249 1890 4317 atqua
1906 4241 2019 4320 ignaot's
