4560 5338
1611 459 1661 550 43

221 665 224 672 ·
256 623 384 702 creuit.
417 623 470 700 Hi
491 623 748 731 magistratus,
772 626 1005 732 provincias,
1022 625 1319 733 aliaque'omnia
1336 645 1487 708 tenere:
1514 631 1585 738 ipsi
1601 633 1662 711 in-

256 751 384 844 noxii,
404 749 607 836 florentes,
630 751 834 828 sinemetu
855 767 1005 829 aetatem
1027 780 1153 859 agere,
1178 772 1395 859 ceterosque
1416 753 1568 833 iudiciis
1588 775 1662 834 ter-

256 902 358 968 rere,
374 903 453 980 quo
472 876 625 982 plebem
643 875 686 952 in
705 877 929 981 magistratu
950 876 1140 982 placidius
1160 895 1375 955 tractarent.
1406 882 1478 956 Sed
1496 882 1565 988 ubi
1583 883 1663 988 pri-

257 1027 368 1080 mum
389 1001 517 1101 dubiis
535 1001 648 1076 rebus
675 993 861 1078 novandis
878 1026 959 1105 spes
987 1002 1114 1076 oblata
1136 1018 1208 1094 est,
1233 1021 1338 1080 vetars
1365 1022 1556 1080 certamen
1578 1007 1663 1082 ani-

261 1154 341 1204 mos
357 1153 491 1202 eorum
511 1125 659 1201 arrexit.
699 1125 869 1223 Quodsi
893 1124 1019 1228 primo
1037 1125 1171 1229 praelio
1192 1127 1357 1202 Catilina
1380 1130 1571 1233 superior,
1595 1147 1665 1205 aut

261 1277 371 1356 atqua
393 1277 515 1325 manu
548 1249 791 1343 discessisset,
813 1248 983 1353 profecto
1014 1276 1153 1353 magna
1178 1248 1304 1325 clades
1329 1269 1445 1356 atque
1471 1253 1666 1327 calamitas

261 1373 540 1479 rempublicam
561 1373 819 1477 oppressisset;
851 1399 976 1475 neque
1006 1372 1098 1463 illis,
1130 1373 1199 1475 qui
1221 1374 1421 1450 victoriam
1449 1374 1578 1479 adepti
1609 1376 1668 1452 fo·

261 1516 368 1590 rent,
393 1497 538 1574 diutius
568 1523 612 1572 ea
640 1497 699 1572 uti
728 1497 917 1589 licuisset,
953 1496 1051 1598 quin
1075 1496 1224 1571 defessis
1244 1514 1282 1572 et
1303 1500 1573 1605 exsanguibus,
1598 1500 1667 1602 qui

262 1623 351 1729 plus
378 1637 517 1726 posset,
551 1619 757 1724 imperium
781 1636 897 1723 atque
930 1617 1146 1694 libertatem
1169 1637 1418 1723 extorqueret
1465 1624 1588 1697 Fuere
1614 1639 1669 1697 ta-

262 1771 352 1824 men
370 1763 475 1822 extra
498 1745 804 1821 coniurationem
819 1744 1052 1848 complures,
1068 1744 1137 1846 qui
1158 1743 1208 1819 ad
1222 1743 1430 1819 Catilinam
1451 1745 1564 1821 initio
1581 1773 1670 1848 pro-

262 1871 353 1948 fecti
373 1885 482 1962 sunt3
506 1865 549 1943 in
569 1867 630 1942 bis
649 1871 690 1942 b
708 1869 881 1958 Fulvius,
906 1868 1097 1945 Senatoris
1122 1866 1242 1961 lilius,
1265 1895 1381 1970 quem
1398 1885 1606 1944 retractum
1625 1897 1672 1944 ex

264 1997 401 2072 itinere
421 2019 558 2098 parens
584 1993 714 2068 necari
739 1993 854 2068 iussit
906 1994 1029 2068 Isdem
1057 1992 1292 2096 temporibus
1317 1995 1446 2067 Romae
1468 1993 1672 2085 lentulus,

260 2118 376 2196 sicuti
395 2117 559 2194 Catilina
582 2133 834 2221 praeceperat,
859 2143 1122 2220 quoscumque
1143 2117 1314 2191 moribus
1334 2134 1404 2191 aut
1422 2116 1579 2192 fortuna
1602 2141 1673 2190 no·

266 2243 322 2318 vis
346 2241 458 2318 rebus
480 2240 635 2315 idoneos
651 2241 847 2332 credebat,
873 2256 942 2315 aut
960 2267 1030 2345 per
1050 2265 1106 2330 se,
1125 2257 1201 2316 -aut
1222 2239 1293 2344 per
1311 2240 1404 2315 alios
1425 2240 1674 2332 sollicitabat;
1740 2255 1745 2266 ‘

266 2390 393 2470 neque
421 2363 547 2439 solum
574 2364 689 2454 civis,
723 2364 788 2439 sed
813 2364 999 2466 cuiusque
1033 2363 1139 2438 modi
1169 2389 1286 2470 genus
1312 2362 1535 2454 hominum,
1569 2363 1675 2466 quod

269 2490 383 2566 modo
403 2487 505 2564 bello
528 2487 615 2562 usui
635 2487 741 2562 foret
778 2487 902 2592 igitur
919 2491 957 2560 P.
977 2485 1172 2561 Umbreno
1197 2487 1352 2562 cuidam
1370 2488 1568 2591 negotium
1589 2487 1673 2576 dat,
1685 2501 1723 2574 to

270 2615 328 2690 uti
358 2616 497 2720 legatos
521 2611 772 2718 Allobrogum
806 2611 998 2714 requirat,
1023 2637 1180 2713 eosque,
1203 2611 1235 2686 si
1260 2610 1400 2714 possit,
1428 2608 1602 2714 impellat
1627 2606 1677 2682 ad

271 2840 331 2900 Bas.
346 2859 372 2897 2.
385 2838 414 2898 3.
436 2838 533 2898 Gucll.
546 2837 633 2907 bro.
654 2835 772 2896 Leid.a.
784 2834 815 2895 b.
830 2835 986 2896 datm.
1007 2834 1091 2898 Bern.
1105 2852 1132 2893 2.
1154 2830 1342 2894 aliaomnia.
1362 2831 1432 2892 Tur.
1449 2851 1475 2890 2.
1497 2829 1590 2890 noxii.
1610 2831 1677 2888 Seu.

270 2955 365 3025 uterq.
381 2943 483 3002 Gucll.
496 2963 521 3000 ι.
542 2941 642 3000 Heuss.
663 2941 731 3000 Nae.
759 2951 867 3020 ceteros
885 2941 976 3002 indic.
996 2938 1083 2998 Fabr.
1098 2959 1125 2998 2.
1154 2937 1264 2998 simod.
1283 2937 1354 3020 Teg.
1375 2937 1452 2995 Edit
1465 2936 1549 2995 Paris.
1580 2935 1680 2995 oblata

272 3059 336 3109 est:
357 3057 396 3108 est
409 3049 493 3108 omis.
514 3045 642 3105 Fabua
665 3045 740 3105 Edit
753 3047 837 3105 Paris.
859 3047 1045 3127 mlcptisunt.
1066 3044 1165 3103 Gucls.
1178 3049 1205 3106 3.
1233 3043 1426 3122 essongaubus
1443 3039 1552 3101 ceteris.
1575 3040 1638 3099 Bas.
1653 3060 1679 3098 1.

275 3157 346 3214 item
363 3153 452 3213 dead.
476 3155 553 3211 inter
568 3153 667 3216 lineas.
688 3161 802 3231 eatorq.
817 3153 879 3210 cius
895 3154 963 3211 loco
978 3151 1099 3230 eriperet
1117 3149 1198 3208 leid.
1214 3151 1235 3213 l.
1257 3149 1425 3229 cumplures.
1447 3145 1550 3210 Baad.
1571 3145 1681 3214 omisit,

273 3261 305 3320 iu
326 3259 427 3319 multis
444 3262 544 3318 locum
561 3267 664 3316 mutat.
691 3277 780 3335 quom
800 3256 907 3336 plures.
928 3256 1027 3315 Guell'.
1046 3275 1075 3334 9.
1099 3274 1144 3312 ro.
1166 3253 1200 3311 in
1216 3251 1262 3312 tis
1274 3260 1358 3310 erat:
1386 3259 1450 3310 erat
1461 3253 1559 3309 exulat
1571 3248 1610 3307 ab
1628 3248 1679 3312 Ac.

275 3363 452 3430 EditParis.
468 3381 641 3443 prenomen
659 3361 696 3420 A.
725 3361 810 3420 rrurlti
833 3361 901 3420 tibn·
920 3362 1071 3420 omittunt.
1102 3357 1164 3421 Bas.
1184 3377 1209 3416 ι.
1226 3377 1254 3415 2.
1270 3355 1338 3426 M.
1366 3358 1445 3434 plur.
1459 3353 1539 3412 Leid.
1566 3352 1635 3416 Tur.
1653 3359 1681 3419 ’2.

276 3470 361 3530 bern.
378 3490 406 3529 2.
428 3468 530 3527 belem.
551 3467 613 3526 Bas.
630 3489 655 3531 1.
668 3467 696 3530 3.
717 3465 830 3526 Fuluio.
845 3475 938 3545 uterq.
960 3464 1063 3526 flaua.-
1078 3465 1147 3528 Sen,
1169 3484 1193 3520 r.
1215 3459 1312 3520 Guels.
1332 3481 1358 3518 ι.
1374 3479 1401 3517 2.
1418 3460 1446 3528 A.
1463 3459 1490 3516 5.
1504 3459 1532 3521 6.
1545 3458 1573 3521 8.
1595 3457 1681 3516 llum.

278 3596 306 3636 2.
328 3575 451 3636 ht'srlem.
471 3576 530 3636 inc.
543 3594 571 3632 2.
592 3571 643 3634 Ac.
665 3573 731 3634 Ecc.
752 3571 821 3630 vlo.
844 3579 937 3649 uterq.
958 3567 1055 3628 Caeli.
1071 3567 1100 3626 3.
1114 3589 1144 3648 J.
1157 3588 1186 3646 9.
1207 3588 1252 3630 ιο.
1272 3587 1317 3624 ιι.
1333 3586 1379 3630 ra.
1406 3563 1468 3622 an.
1487 3565 1516 3633 l.
1546 3563 1630 3622 Bun.
1653 3562 1681 3624 3.

277 3679 503 3758 cuiusquemodi.
524 3678 586 3736 Bas.
603 3697 628 3736 r.
644 3697 671 3740 2.
692 3686 785 3755 uterq.
806 3673 874 3732 vin.
894 3671 980 3738 Febr.
1001 3671 1052 3734 dc.
1074 3671 1141 3731 Ecc.
1162 3671 1228 3729 ben.
1248 3692 1272 3734 r.
1294 3671 1427 3730 Palatini.
1449 3666 1681 3730 Commcl.Tu1·.

283 3805 308 3848 ι.
329 3783 425 3843 Gucll.
442 3805 469 3843 1.
487 3803 515 3842 2.
530 3783 558 3853 l.
573 3782 601 3847 5.
616 3781 645 3840 6.
660 3803 689 3861 9.
711 3779 795 3838 Paris.
806 3801 832 3842 c.
845 3777 875 3841 d.
890 3799 915 3842 a.
936 3777 1018 3836 Leid.
1030 3799 1057 3841 a.
1069 3776 1098 3835 b.
1113 3799 1138 3838 c.
1150 3776 1180 3834 d.
1194 3779 1214 3834 l'.
1226 3797 1254 3858 g.
1268 3777 1288 3834 i.
1301 3776 1362 3834 tt
1384 3770 1681 3848 cuirtscrmrquemodt'.

280 3892 376 3952 oeteri.
398 3891 470 3950 bello
491 3889 588 3948 sedem
603 3887 681 3948 varie
699 3895 803 3945 mutat.
823 3883 896 3943 bello
907 3881 1076 3959 uatisoret.
1097 3881 1159 3945 Bas,
1178 3901 1203 3938 1.
1217 3879 1246 3940 3.
1267 3881 1327 3938 inc.
1345 3889 1440 3958 uterq.
1459 3877 1568 3935 Sena.
1596 3875 1683 3932 Heus.

282 3993 379 4056 Gnall.
391 3995 420 4056 ὅ.
430 3997 457 4055 5.
473 4017 518 4056 ιο.
538 3993 608 4052 Tur.
624 4013 649 4050 t.
663 4011 690 4052 2.
711 3990 796 4050 Bern.
816 4011 840 4050 ι.
854 4009 882 4053 2.
904 4011 944 4047 m.
963 3989 1077 4064 ussor.
1090 3986 1117 4045 b.
1137 3997 1231 4065 uterq.
1252 3984 1337 4042 Fabr.
1357 3984 1458 4041 Vinar.
1479 3979 1568 4039 Aead
1588 3979 1684 4042 Senot.

288 4119 313 4160 ι.
342 4099 440 4160 Guell'.
460 4121 485 4159 r.
504 4120 532 4160 2.
563 4099 693 4160 Paciae
713 4095 744 4155 b.
762 4117 788 4156 c.
809 4094 839 4154 d.
868 4091 930 4151 Bas.
947 4112 975 4152 2.
1004 4087 1567 4166 llerm3.b.m.tt.qucl[11.ra.
1599 4104 1685 4142 m.u.

284 4203 311 4262 b.
316 4206 348 4284 s
368 4204 466 4265 ceteri.
488 4204 572 4266 Paris.
586 4223 611 4260 r.

270 4357 277 4370 ·
349 4331 484 4416 Capua.
505 4332 533 4393 si
547 4340 645 4413 posset
663 4331 767 4390 incerti
792 4337 912 4407 uterque
933 4325 1016 4384 aaa.
1038 4325 1107 4386 Vin.
1129 4322 1227 4382 Coeli.
1244 4342 1290 4382 12.
1312 4343 1352 4381 m.
1363 4343 1409 4404 pr.
1429 4321 1491 4382 Bas.
1501 4309 1530 4382 3.
1545 4319 1574 4392 l.
1597 4339 1690 4398 nego-
