4582 5320
597 428 647 524 48

547 597 587 684 45
601 579 665 680 tur
679 601 765 706 'ipse
786 600 946 706 propius
969 597 1180 676 accedere.”
1211 599 1279 674 His
1303 599 1415 674 rebus
1431 599 1487 674 ita
1511 598 1858 690 uotissoonstituta
1880 618 2003 695 nocte,

594 755 672 830 qua
692 723 1046 831 proficiscerentur‚'
1066 723 1211 812 Cioero‚
1234 749 1304 826 per
1331 721 1470 826 legatos
1494 739 1634 800 ounotn
1658 724 1834 816 edoctus,
1859 729 1898 800 1.
1927 729 2004 802 Va·

592 849 688 926 ierio
703 849 839 924 Flacco
857 864 895 924 et
909 849 947 922 G
964 847 1170 950 Pomptino
1181 846 1409 922 Praetoribus
1429 847 1608 950 imperat,
1626 847 1686 924 uti
1701 847 1746 923 :in
1764 865 1883 953 ponto
1897 851 2000 925 Mul-

592 972 654 1049 vio
669 999 740 1078 per
757 971 912 1050 insidias
931 971 1181 1075 Allobrogum
1197 970 1399 1046 comitatus
1412 968 1723 1076 deprehendant:
1746 997 1831 1048 rem
1845 997 2000 1050 omnem

591 1098 732 1202 aperit,
759 1097 867 1180 cuius
890 1095 1010 1201 gratia
1028 1095 1299 1189 mittebantur3
1319 1111 1463 1186 uetera,
1496 1093 1557 1170 uti
1580 1093 1681 1171 iacto
1710 1121 1806 1200 opus
1838 1097 1913 1188 sit,
1948 1098 2000 1174 ita

591 1236 724 1326 egent,
748 1220 945 1323 permittit.
999 1218 1063 1295 Illi
1087 1218 1260 1294 hominos
1285 1217 1488 1309 militares,
1511 1217 1594 1294 sine
1616 1218 1789 1295 tumultu
1814 1220 2001 1324 praesidiis

591 1343 801 1433 collocatis,
821 1343 938 1416 sicuti
957 1358 1191 1447 praeceptum
1205 1357 1304 1432 erat,
1331 1340 1480 1417 occino
1498 1356 1658 1445 pontem
1675 1342 1867 1420 ohsidurrt
1894 1347 1998 1424 Post-

591 1493 710 1569 quam
730 1465 780 1541 ad
800 1466 841 1541 id
854 1466 927 1541 loci
952 1466 1064 1570 legati
1087 1493 1177 1542 oum
1194 1465 1396 1541 Volturcio
1420 1491 1576 1556 venere,
1599 1480 1641 1540 et
1660 1466 1777 1542 simul
1800 1466 1997 1572 utrimque

590 1589 736 1666 clamor
751 1605 902 1665 exortus
920 1606 992 1682 est3
1017 1589 1142 1678 Galli,
1170 1589 1248 1663 cito
1272 1589 1426 1692 cognito
1449 1587 1637 1678 oonsilio,
1654 1589 1745 1664 sine
1768 1617 1876 1665 mora
1898 1617 1998 1694 pree-

590 1714 735 1788 toribus
755 1739 799 1786 se
820 1711 992 1785 trudunt
1029 1712 1252 1786 Volturcius
1276 1711 1425 1813 primo,
1450 1708 1670 1786 cohortatus
1686 1729 1843 1804 eeteros,
1868 1713 1996 1819 gladio

587 1861 677 1913 sea
712 1833 965 1910 montanae
996 1834 1194 1926 serenus
1217 1831 1379 1923 deinde,
1414 1832 1485 1906 uu
1507 1859 1531 1908 a
1562 1832 1693 1938 legatis
1728 1835 1896 1912 emenus
1920 1854 1998 1929 ot,

588 1957 712 2034 multa
736 1957 844 2060 prius
863 1956 911 2030 de
938 1956 1060 2032 salute
1081 1982 1148 2031 sua
1168 1955 1418 2059 Pomptinum
1450 1955 1676 2048 obtestatus,
1701 1958 1808 2060 quod
1830 1958 1866 2035 ei
1883 1977 1997 2038 notus
2127 1937 2135 1948 ’
2259 1935 2260 1944 ¹

586 2096 690 2172 erat3
721 2094 911 2183 postremo
939 2077 1115 2168 timidus,
1149 2105 1194 2154 ao
1219 2079 1307 2156 vitae
1342 2078 1515 2154 diffidens
1542 2079 1649 2156 velut
1677 2079 1883 2179 hostibus,
1921 2119 1998 2172 ome

538 2202 814 2289 ttPraetoribus
837 2200 953 2276 dedit.
1008 2202 1159 2298 Quibus
1194 2202 1307 2277 rebus
1331 2200 1541 2292 confectis,
1574 2203 1703 2278 omnia
1734 2232 1897 2310 propere
1924 2211 1998 2320 'per

585 2326 743 2404 nuntios
767 2325 924 2400 Consuli
952 2325 1204 2400 declarantur.
1238 2328 1289 2399 At
1312 2324 1426 2399 illum
1448 2325 1581 2429 ingens
1605 2352 1698 2402 cura
1724 2344 1840 2430 atque
1861 2337 1993 2418 laetitia

583 2449 700 2526 simul
724 2473 975 2552 occupavere5
1001 2475 1094 2521 nam
1123 2447 1341 2537 laetabatur,
1363 2447 1614 2553 (intelligens)
1639 2450 1906 2530 coniuratione
1926 2484 1995 2560 pn-

586 2572 745 2662 retacta,
782 2572 974 2648 civitatem
1002 2572 1185 2676 ‘periculis
1217 2587 1388 2675 ereptam
1417 2597 1523 2646 esse:
1556 2597 1671 2676 porro
1697 2582 1826 2650 autern
1857 2580 1994 2656 anxius

664 2775 737 2857 Cup.
757 2777 806 2848 45.
837 2785 945 2836 morto
966 2777 1079 2835 doetus.
1107 2773 1192 2834 Rem.
1208 2794 1235 2834 2.
1256 2772 1353 2833 Gneif.
1367 2796 1396 2855 9.
1422 2773 1580 2854 Pomptino
1601 2775 1699 2835 Guelf.
1716 2777 1743 2841 5.
1774 2777 1850 2838 Puris
1869 2803 1896 2841 s.
1915 2806 1942 2845 ο.
1962 2784 1991 2846 d.

580 2883 650 2943 Tur.
665 2903 690 2941 1.
712 2904 752 2940 m.
771 2902 826 2941 sec.
847 2881 896 2940 sod
912 2882 944 2938 in
964 2877 1022 2938 hoo
1036 2880 1158 2938 nornine
1173 2878 1242 2939 libri
1263 2888 1381 2960 msorpt.
1405 2899 1492 2959 quam
1510 2881 1635 2940 maxime
1650 2882 1774 2943 uariant.
1805 2882 1990 2969 Promptiuo.

579 2990 613 3048 in
639 2991 739 3046 multis
765 2987 919 3044 meliorum
938 2986 1061 3064 legitur,
1088 2984 1174 3043 ceteri
1195 2984 1356 3065 genuinam
1384 2985 1539 3043 lectionem
1564 2984 1656 3067 magis
1678 2986 1765 3044 etiam
1785 3007 1990 3074 corrumpunt,

579 3092 746 3154 Pontim'us.
767 3089 821 3154 Ed.
837 3089 910 3164 Har.
934 3088 1054 3150 Mulvio.
1076 3088 1209 3146 meliores
1221 3085 1298 3145 iibri.
1320 3086 1401 3146 cuius
1416 3086 1461 3146 rei
1472 3087 1583 3166 grado.
1605 3087 1703 3148 Gueli.
1721 3110 1766 3155 rr.
1790 3093 1891 3170 plures
1902 3090 1991 3154 Rivii.

578 3197 659 3256 leid.
675 3220 701 3260 a.
723 3215 769 3255 cu.
781 3217 829 3274 gr.
847 3196 898 3258 rei.
921 3193 1002 3252 Leid.
1015 3193 1045 3252 d.
1072 3191 1217 3272 perronio
1232 3191 1298 3250 illis.
1318 3211 1421 3250 omnes
1439 3193 1498 3252 sere
1516 3192 1595 3252 libri.
1623 3191 1682 3254 'utut
1700 3196 1784 3254 omis.
1806 3195 1867 3254 Bas.
1885 3215 1914 3256 2.
1937 3197 1990 3258 illi

579 3299 676 3362 Gueli.
692 3301 822 3361 8.et11.
846 3319 885 3361 m.
901 3319 946 3376 pr.
967 3297 1052 3356 Febr.
1068 3319 1108 3354 m.
1119 3317 1174 3361 sec.
1201 3297 1299 3377 plures
1307 3297 1422 3356 Wassii.
1443 3295 1512 3362 Tur.
1532 3318 1556 3362 ι.
1578 3318 1619 3357 m.
1634 3318 1681 3379 pr.
1701 3299 1826 3358 dimittit
1844 3285 1913 3358 eum
1931 3301 1988 3362 illo

580 3404 661 3462 loom.
682 3403 743 3460 mil.
766 3399 1035 3476 iiiisieut.13us.d.
1069 3401 1124 3460 his.
1147 3401 1269 3460 Parius.
1304 3401 1446 3460 obsident.
1471 3401 1556 3461 Paris.
1575 3401 1605 3461 b.
1626 3423 1653 3467 e.
1676 3402 1741 3462 Bas.
1758 3424 1785 3468 2.
1814 3405 1898 3464 Bern.
1919 3427 1945 3465 ι.
1960 3407 1989 3466 3.

579 3491 708 3569 eiiilibri
719 3525 831 3568 vertere.
847 3505 955 3563 itaBas.
974 3527 998 3567 1.
1019 3506 1069 3563 elii
1084 3515 1237 3563 venerunt.
1259 3505 1297 3564 itn
1308 3526 1410 3564 omnes
1421 3506 1503 3564 Leid.
1524 3505 1586 3565 Bas.
1601 3506 1669 3566 uss.
1684 3506 1712 3576 4.
1732 3507 1801 3567 Tur.
1813 3529 1842 3567 r.
1856 3511 1989 3576 veniunt.

581 3613 642 3672 duo
651 3610 763 3670 Wassii.
784 3608 926 3667 etsimuI:
948 3618 976 3666 ot
989 3611 1073 3667 omis.
1094 3607 1145 3668 Ao.
1166 3607 1228 3671 Bos.
1242 3608 1269 3668 3.
1291 3619 1347 3667 tres
1362 3608 1460 3668 Guelf.
1482 3609 1551 3670 cito.
1573 3609 1772 3670 deletl’uoch.
1789 3635 1843 3674 nec
1858 3619 1989 3696 agnouit

580 3715 677 3777 Gueli.
689 3715 717 3775 3.
739 3714 823 3774 Bern.
837 3733 861 3771 ι.
884 3713 1000 3772 deiude.
1021 3732 1123 3771 omnes
1138 3712 1231 3771 Cortii
1241 3712 1319 3770 libri.
1341 3713 1420 3770 elein.
1445 3711 1561 3772 Gruter.
1580 3715 1682 3773 edidit.
1705 3727 1733 3775 et
1748 3719 1787 3776 ita
1800 3719 1987 3802 Ioid.'legero

579 3820 725 3884 ridentur.
753 3818 822 3878 vitro
837 3837 904 3881 sure.
928 3817 1024 3875 Gueli.
1038 3839 1065 3898 7.
1081 3817 1109 3876 8.
1131 3817 1190 3874 Erl.
1211 3815 1292 3874 Loid.
1305 3835 1344 3872 m.
1365 3814 1450 3874 Bern.
1468 3836 1494 3879 r.
1517 3817 1604 3876 volut.
1618 3840 1719 3878 omnes
1730 3821 1791 3879 Bas.
1810 3824 1892 3883 Loid.
1915 3823 1987 3885 'fun

582 3947 608 3984 1.
628 3925 714 3998 Bern.
730 3945 762 3984 n.
779 3922 807 3982 3.
829 3923 925 3984 obteri.
941 3931 991 3980 est.
1013 3921 1074 3980 Bos.
1091 3920 1120 3980 3.
1142 3941 1197 4000 pro
1212 3919 1311 3989 dedit,
1327 3921 1429 3978 trudit.
1451 3919 1510 3980 Eri.
1532 3921 1629 3982 Guels.
1648 3925 1676 3994 4.
1692 3945 1739 3984 ro.
1760 3925 1840 3986 Leid.
1858 3929 1878 3986 f.
1892 3925 1924 3986 h.

604 4127 606 4132 ·
637 4093 715 4174 *Coo
733 4065 782 4165 tt,
804 4069 958 4151 leviabatur
967 4130 978 4161 ,
998 4089 1189 4167 intelligens-
1202 4085 1311 4146 anxius
1327 4097 1409 4158 erat,
1430 4089 1593 4151 duitor.-
1620 4097 1775 4176 partioipia
1794 4116 1897 4158 ornnes
1917 4096 2000 4162 libri,

578 4200 705 4260 retinent
715 4201 769 4256 nisi
788 4198 868 4278 quod
883 4196 979 4255 Guelf.
998 4197 1026 4254 5.
1048 4193 1214 4272 intellegens
1230 4192 1393 4252 letabatur.
1416 4215 1486 4274 opus
1500 4196 1547 4255 sit.
1568 4197 1653 4257 Febr.
1671 4209 1764 4279 uterq.
1792 4199 1855 4260 Bas.
1868 4220 1895 4262 2.
1914 4188 1999 4266 Vsu*

581 4324 609 4366 r.
631 4301 727 4364 Guelf.
742 4299 770 4361 3.
786 4323 813 4380 7.
833 4300 901 4384 Teg.
913 4299 1135 4380 sorsuorodobot
1147 4323 1154 4356 :
1165 4300 1241 4374 sore
1255 4299 1394 4359 omissum
1408 4301 1442 4359 in
1461 4299 1558 4362 Guels.
1580 4323 1624 4362 ro.
1654 4304 1783 4384 itemquo
1807 4302 1982 4386 Corpus-ison
