4570 5316
630 392 700 484 ιιι,

516 547 520 554 ’
627 569 679 662 do
712 569 893 646 exercitui
922 569 1010 644 satis
1043 585 1236 673 superque
1260 569 1364 644 foret.
1397 569 1579 646 Praeterea
1605 585 1837 646 commeatus
1857 595 1923 674 spe
1946 597 2025 644 am·

627 695 756 798 plion:
781 695 872 797 quia
898 693 1091 783 Numidae,
1127 691 1240 768 sicuti
1265 692 1439 796 plerique
1470 693 1512 768 in
1547 720 1645 778 nors
1667 692 1878 785 deditione,
1902 695 2026 770 officia

629 818 884 895 intenderant.
925 819 1102 892 Ceterum
1125 815 1264 891 milites
1283 815 1464 920 religione
1488 817 1618 920 pluvia
1644 818 1761 922 magis
1784 816 1844 892 usi
1868 851 1877 891 ε
1907 829 2027 919 eaque

626 968 686 1016 res
706 941 875 1018 multum
894 941 1032 1015 animis
1052 966 1186 1014 eorum
1206 938 1372 1032 addidit3
1398 966 1490 1016 uam
1511 940 1585 1015 rati
1609 965 1687 1016 sese
1713 942 1773 1015 dis
1804 939 2028 1018 immortali·

617 1065 699 1164 ,bus
717 1089 819 1140 curae
839 1089 921 1146 esse.
954 1062 1105 1138 Deinde
1126 1080 1274 1168 postero
1302 1063 1386 1154 die,
1410 1078 1544 1138 contra
1568 1065 1791 1166 opinionem
1811 1061 2028 1168 Iugurthae,

627 1186 678 1262 ad
697 1186 861 1264 Thalam
878 1187 1115 1290 perveniunt
1156 1187 1371 1291 Oppidani,
1387 1187 1457 1290 qui
1474 1213 1513 1261 se
1534 1185 1708 1266 locorum
1720 1187 1923 1290 asperitate
1944 1215 2029 1262 mu·

628 1311 728 1384 nitos
750 1310 1007 1401 crediderant,
1030 1337 1167 1414 magna
1189 1327 1305 1413 atque
1325 1310 1477 1402 insolita
1500 1337 1541 1386 re
1563 1311 1750 1415 perculsi,
1772 1309 1896 1386 nihilo
1910 1311 2030 1412 segni·

581 1451 673 1534 76us
695 1435 841 1510 bellum
852 1461 1008 1537 parare:
1031 1433 1132 1511 idern
1151 1435 1270 1520 nostri
1295 1435 1428 1510 facere.
1452 1431 1525 1508 Sed
1536 1460 1602 1508 rex
1623 1432 1723 1518 nibil
1746 1433 1823 1507 iam
1845 1433 2030 1510 infectum

628 1557 783 1666 Metello
803 1558 976 1649 credens,
999 1559 1145 1662 quippe
1165 1559 1234 1662 qui
1257 1557 1403 1648 omnia,
1428 1585 1555 1649 arma,
1580 1557 1676 1646 tela,
1708 1557 1826 1650 loeos',
1845 1575 2029 1660 tempora,

629 1681 796 1786 donique
815 1698 996 1778 naturam
1016 1684 1159 1785 ipsam,
1184 1681 1314 1772 ceteris
1336 1681 1638 1784 imperitantem,
1665 1681 1853 1757 industria
1872 1681 2029 1769 vicerat,

628 1832 719 1882 cum
743 1807 871 1886 liberis
894 1824 933 1883 et
956 1833 1094 1910 magna
1121 1820 1231 1908 parte
1254 1804 1429 1907 pecuniae
1453 1830 1500 1878 ex
1528 1803 1680 1907 oppido
1703 1821 1823 1882 noctu
1844 1804 2030 1908 profugit:

628 1955 754 2032 neque
772 1945 899 2032 postea
924 1931 967 2004 in
985 1928 1068 2003 ullo
1100 1929 1185 2003 loco
1205 1927 1369 2030 amplius
1395 1949 1479 2000 uno
1502 1925 1651 2002 disant
1672 1955 1752 2004 una
1775 1945 1886 2004 noete
1910 1955 2033 2004 mora-

631 2067 706 2142 tus,
731 2052 938 2126 simulabat
951 2075 1027 2125 sese
1038 2048 1179 2153 negotii
1201 2049 1321 2152 gratia
1339 2075 1562 2152 properare;
1585 2066 1755 2130 ceterum
1776 2051 2031 2156 proditionem

630 2175 809 2264 timebat,
831 2201 950 2278 quam
966 2168 1088 2252 'vitare
1106 2197 1213 2276 posse
1234 2171 1424 2248 celer-itare
1442 2173 1626 2275 putabat3
1652 2201 1744 2252 nam
1762 2175 1852 2250 talia
1875 2176 2031 2250 consilia

629 2325 699 2402 per
719 2298 843 2373 otium
865 2315 904 2374 et
928 2325 974 2372 ex
997 2293 1284 2405 opportunitate
1305 2293 1399 2399 capi.
1436 2299 1486 2372 At
1509 2295 1701 2397 Metellus,
1726 2297 1795 2371 ubi
1822 2298 2031 2401 oppidanos

629 2421 764 2525 praelio
777 2422 960 2514 intentos,
973 2421 1088 2496 simul
1104 2399 1292 2524 oppidum
1304 2436 1342 2494 et
1353 2419 1530 2524 operibus
1548 2435 1586 2495 et
1604 2420 1688 2495 loco
1705 2421 1903 2496 munitum
1922 2422 2033 2528 videt,

631 2544 732 2620 vallo
757 2545 928 2647 fossaque
957 2544 1101 2622 moenia
1124 2543 1395 2620 circumvenit·
1430 2541 1582 2620 Deinde
1612 2543 1719 2626 iubet
1748 2543 1840 2634 locis
1863 2571 1910 2619 ex
1924 2545 2031 2649 copia

632 2694 810 2748 maxume
829 2667 975 2748 idoneis
993 2667 1121 2745 vineas
1144 2692 1273 2772 agere,
1299 2666 1521 2773 (superque
1537 2667 1623 2766 eas)
1659 2693 1831 2772 aggerem
1853 2668 1975 2745 iacere
1998 2685 2033 2744 et

633 2884 697 2935 tum
712 2883 755 2934 est
771 2873 853 2934 beid.
865 2895 893 2934 c.
904 2873 936 2933 d.
946 2873 1004 2933 al.
1019 2891 1050 2954 g.
1061 2868 1092 2930 h.
1105 2871 1133 2929 l.
1147 2873 1171 2931 l.
1181 2891 1212 2930 ιι.
1233 2869 1295 2930 Bas.
1306 2869 1335 2941 4.
1358 2857 1444 2932 Beru-
1461 2891 1486 2930 ι.
1502 2869 1532 2932 5.
1553 2869 1675 2930 vanans
1694 2871 1775 2938 Leid.
1787 2873 1808 2932 i.
1822 2881 1942 2932 ventum
1956 2875 2032 2952 quod

632 2980 732 3041 Νιιιι.
753 2978 900 3043 Commel.
920 2977 983 3037 Bar.
1004 2997 1043 3069 ι.Ι
1059 2973 1169 3036 Fabiis.
1182 2995 1207 3034 ι.
1226 2974 1296 3056 Teg.
1316 2973 1413 3034 Turio.
1434 2957 1545 3036 isrero
1559 2974 1652 3036 addit:
1669 2979 1715 3036 rel
1732 2997 1798 3057 quo.
1818 2978 1915 3038 Senot.
1936 2977 2031 3042 Hem.

632 3085 712 3146 Vrat.
725 3105 788 3144 ι.ι.
809 3082 907 3148 Guell'.
924 3103 949 3142 1.
970 3103 997 3142 a.
1016 3081 1046 3141 6.
1067 3100 1170 3140 omnes
1188 3078 1269 3138 leid.
1299 3098 1356 3158 qrw
1378 3080 1474 3139 οιῑιιί.
1506 3099 1562 3158 quo
1580 3079 1721 3142 Numidis
1735 3081 1836 3142 venire
1855 3083 1918 3143 Bas.
1931 3083 1961 3154 4.
1978 3104 2031 3164 pro

633 3189 774 3268 retg‘ono
800 3189 897 3254 Guell.
916 3189 946 3262 4.
970 3186 1051 3248 Laid.
1068 3207 1100 3244 n.
1128 3204 1166 3246 aa
1182 3182 1323 3262 religione
1335 3183 1397 3243 alu
1421 3183 1527 3264 pltwioe
1552 3185 1646 3264 megia
1664 3185 2034 3249 ariomanitarum

632 3291 781 3358 Laidaf.
801 3294 931 3354 ratisesa
951 3293 1036 3353 Brrn.
1054 3311 1079 3351 ι.
1100 3290 1171 3350 dein
1183 3297 1299 3370 postero
1327 3287 1412 3349 Bam.
1424 3287 1453 3349 5.
1473 3289 1577 3367 secare
1596 3289 1665 3353 vin.
1681 3311 1706 3354 ι.
1727 3289 1778 3353 do.
1799 3291 1934 3359 cuuto.
1954 3291 2031 3354 Laid.

633 3395 664 3456 d.
677 3391 837 3474 efferbuit
857 3397 1011 3464 Gusllro.
1032 3395 1147 3456 latr.
1845 3393 1849 3403 “

717 3546 790 3629 cap.
803 3550 853 3630 76.
872 3549 934 3610 iam
944 3551 1023 3611 rabit
1038 3550 1112 3612 Tur.
1129 3546 1278 3608 nubilium
1293 3545 1437 3625 insertum
1452 3545 1570 3608 Metello
1593 3548 1716 3608 credam
1742 3497 1856 3610 salae.
1883 3549 1946 3610 Bas.
1966 3571 1990 3615 ι.
2003 3548 2032 3622 4

633 3653 686 3718 Ac.
705 3655 767 3716 inc.
780 3674 807 3713 ι.
826 3653 930 3714 Fraus.
951 3676 1023 3716 oum
1035 3665 1161 3736 quatuor
1176 3653 1241 3711 aliis
1256 3651 1360 3712 corui.
1382 3651 1452 3718 Tur.
1465 3654 1521 3712 nisi
1535 3651 1617 3733 quod
1633 3651 1695 3714 r‘crm
1705 3653 1783 3714 nibil
1799 3652 1897 3728 habet,
1911 3655 1997 3716 Bam.
2007 3670 2032 3720 ι’.

633 3759 719 3823 Bern.
729 3759 758 3821 3.
779 3757 884 3821 eodem
902 3759 1006 3819 ordina
1023 3758 1073 3819 ssd
1094 3779 1115 3818 a
1129 3755 1257 3818 Metello.
1276 3753 1395 3830 Metello
1407 3755 1549 3834 insertum
1565 3757 1663 3819 astari
1681 3757 1815 3818 amoni.
1835 3758 1921 3824 l'abr.
1933 3781 1964 3820 ι.
1975 3761 2032 3821 ins.

633 3875 664 3919 ι.
693 3857 772 3918 locos
791 3857 832 3916 ita
847 3855 962 3916 Gruter.
984 3857 1096 3919 Febris.
1126 3857 1190 3918 Bas.
1209 3879 1235 3924 ι.
1253 3857 1284 3930 4.
1302 3857 1392 3924 Αωά.
1412 3859 1497 3920 Bern.
1510 3881 1536 3920 ι.
1551 3860 1581 3923 3.
1603 3861 1670 3924 loon
1688 3864 1812 3944 plurimi
1825 3864 1907 3930 libri.
1924 3883 2033 3944 magna

631 3961 757 4046 ριωιιξα
775 3963 817 4022 ita
827 3981 904 4022 unus
922 3961 1046 4034 Wassii,
1071 3961 1188 4025 Vanam
1202 3961 1279 4023 Edit.
1307 3963 1439 4024 marrim
1461 3975 1549 4044 ports
1567 3965 1628 4026 Erl.
1655 3987 1715 4029 urso
1731 3968 1780 4028 dia
1799 3967 1862 4034 llas.
1879 3990 1905 4030 ι.
1916 3969 1946 4041 4.
1966 3969 2032 4030 Eos.

634 4065 731 4132 Guell.
743 4067 771 4126 6.
785 4087 830 4134 ιι.
843 4085 890 4131 ιι.
910 4066 992 4127 Laid.
1006 4089 1032 4128 e.
1043 4088 1070 4129 e.
1082 4065 1147 4128 l'.h.
1159 4069 1180 4127 i.
1193 4067 1256 4130 hl.
1274 4065 1377 4134 Naar.
1390 4079 1420 4130 ot
1434 4069 1523 4136 Paua
1536 4072 1660 4154 aliquot.
1680 4071 1740 4131 Erl.
1760 4072 1846 4134 Bam.
1861 4093 1888 4133 ι.
1898 4077 1927 4138 5.
1947 4072 2032 4134 dalt-

632 4169 671 4230 da
685 4169 763 4232 nbat
776 4172 887 4232 ἀιιοόω
906 4170 978 4232 loeti
994 4171 1078 4232 Laid.
1087 4193 1114 4234 e.
1124 4193 1154 4255 g.
1163 4175 1187 4236 l.
1204 4172 1264 4236 ul.
1285 4171 1384 4234 Guell'.
1394 4193 1423 4236 ι.
1444 4195 1485 4234 ιιι.
1494 4195 1540 4256 pr.
1553 4187 1583 4236 at
1593 4175 1622 4242 3.
1652 4177 1686 4237 in
1699 4174 1797 4240 Turis.
1811 4199 1854 4238 m.
1873 4198 1930 4240 sae.
1958 4177 2032 4240 iubet

632 4275 716 4340 ends
736 4283 765 4338 et
781 4275 893 4342 ὠιοὸιιι
906 4275 1113 4364 superscripsit.
1139 4277 1248 4344 deinde
1261 4275 1338 4342 adu
1353 4278 1434 4348 loeis.
1454 4279 1531 4344 atis
1547 4300 1610 4344 om.
1624 4280 1693 4352 Vin.
1708 4281 1834 4360 1.th
1849 4303 1880 4348 r.
1895 4301 2030 4367 ιιφιιηνι
2053 4311 2057 4322 ·
