4570 5316
600 385 669 458 158

597 578 633 637 te
651 578 822 666 caperet:
847 561 1096 652 existumans,
1119 557 1380 635 hostiscrebro
1400 556 1546 661 impetu
1563 571 1602 632 et
1616 552 1835 629 transvorsis
1855 549 2017 657 praeliis·
2079 590 2082 598 ·

594 684 667 759 iter
677 711 790 760 suum
800 701 1072 775 remoraturos,
1091 698 1131 758 et
1143 681 1327 785 quoniam
1342 681 1456 756 armis
1474 678 1706 770 diffiderent,
1731 674 1995 752 lassitudinem

594 823 633 882 et
648 808 751 882 sitim
768 809 938 884 militum
966 823 1224 911 temptaturos.
1260 802 1410 880 Deinde
1430 805 1509 908 ipse
1528 831 1599 907 pro
1626 831 1667 877 re
1684 819 1799 905 atque
1819 799 1921 890 loco,
1946 797 1995 874 si·

593 931 673 1005 cuti
693 948 824 1006 monte
846 930 1110 1020 descenderat,
1136 929 1341 1034 paullatim
1362 928 1583 1034 procedere:
1601 925 1770 1000 Marium
1783 940 1869 1028 post
1886 922 1994 1027 prin-

591 1053 692 1155 cipia
711 1051 876 1130 habere:
901 1055 979 1158 ipse
1001 1081 1090 1129 eum
1106 1055 1267 1128 sinistrae
1281 1053 1350 1128 alae
1366 1051 1559 1156 equitibus
1578 1075 1669 1140 esse,
1693 1049 1763 1152 qui
1783 1047 1826 1123 in
1843 1047 1994 1151 agmine

589 1176 782 1280 principes
798 1177 889 1251 lacti
910 1195 1028 1252 erant
1062 1182 1113 1253 At
1127 1176 1333 1281 Iugurtha,
1358 1177 1427 1252 ubi
1454 1193 1665 1251 extremum
1688 1198 1823 1278 agmen
1846 1169 1992 1246 Metelli

588 1299 732 1401 primos
760 1325 845 1374 suos
869 1317 1171 1404 praetergressum
1198 1301 1321 1389 videt,
1346 1300 1520 1404 praesidio
1545 1297 1653 1400 quasi
1679 1297 1803 1372 duum
1824 1295 1992 1370 millium

587 1422 763 1525 peditum
789 1441 959 1498 montem
988 1441 1171 1528 occupat,
1198 1453 1274 1529 (pua
1304 1424 1479 1500 Metellus
1500 1421 1774 1498 descenderat:
1815 1446 1864 1494 ne
1894 1417 1992 1493 forte

588 1543 810 1622 cedentibus
836 1548 1055 1623 adversariis
1081 1549 1250 1654 receptui
1270 1575 1316 1624 ao
1333 1563 1419 1652 post
1432 1547 1673 1622 munimento
1690 1543 1808 1636 foret;
1832 1543 1921 1617 dein
1935 1568 1991 1617 re-

586 1687 702 1772 pente
721 1671 828 1774 signo
855 1671 948 1780 dato
973 1669 1091 1748 hostis
1121 1671 1276 1747 invadit
1313 1671 1490 1747 Numidae
1510 1670 1575 1744 alii
1606 1685 1812 1773 postremos
1833 1666 1993 1758 caedere,

589 1817 677 1894 pars
694 1819 727 1866 ‘a
754 1794 906 1868 sinistra
928 1821 973 1868 ac
995 1795 1125 1869 dextra
1149 1811 1357 1899 temptare;
1381 1793 1520 1869 infensi
1545 1793 1669 1869 adesse
1689 1809 1804 1894 atque
1832 1791 1992 1883 instare;

587 1915 766 1988 omnibus
795 1916 886 1990 locis
915 1919 1178 1992 Romanorum
1212 1919 1364 1992 ordines
1393 1917 1645 2010 conturbare3
1678 1941 1846 2018 quorum
1876 1913 1991 1987 etiam

590 2037 658 2138 qui
687 2036 920 2112 furnioribus
948 2039 1085 2114 animis
1115 2040 1217 2116 obvii
1239 2039 1413 2117 hostibus
1440 2041 1620 2130 fuerant,
1657 2037 1844 2112 ludificati
1871 2038 1991 2112 incer-

587 2175 627 2234 to
651 2160 805 2263 praelio,
837 2161 908 2266 ipsi
930 2163 1044 2238 modo
1081 2165 1230 2240 eminus
1262 2164 1557 2254 sauciabantur,
1593 2188 1718 2266 neque
1743 2178 1876 2237 eontra
1904 2159 1990 2235 feri-

584 2283 683 2358 undi
709 2301 778 2359 aut
798 2285 1022 2361 conserendi
1052 2315 1215 2363 manum
1238 2288 1348 2392 copia
1380 2305 1481 2382 erat;
1516 2303 1606 2362 ante
1627 2287 1705 2360 iam
1728 2284 1832 2360 docti
1856 2285 1905 2359 ab
1928 2287 1990 2358 Iu-

585 2406 725 2509 gurtha
766 2407 928 2514 equites,
962 2410 1200 2514 ubicumque
1229 2412 1490 2486 Romanorum
1522 2425 1648 2485 turma
1685 2407 1833 2512 insequi
1863 2433 1990 2512 coepe-

585 2546 671 2623 rat,
697 2555 776 2604 ιιοιι
802 2531 1004 2607 confertim
1029 2561 1154 2637 neque
1187 2535 1229 2610 in'
1259 2563 1385 2610 unum
1414 2561 1491 2610 sese
1519 2533 1771 2639 recipiebant,
1802 2531 1867 2608 sed
1895 2531 1989 2606 alius

583 2653 660 2726 alio
692 2680 810 2755 quam
834 2681 1012 2732 maxume
1037 2657 1185 2733 divorsi.
1233 2662 1290 2732 Ita
1322 2685 1484 2733 numero
1511 2657 1683 2761 priores,
1722 2657 1753 2732 si
1786 2655 1835 2731 ab
1867 2681 1988 2760 perse·

583 2776 736 2878 quendo
762 2775 881 2853 hostis
904 2777 1091 2856 deterrere
1122 2780 1394 2883 nequiverant,
1426 2779 1598 2858 disiectos
1632 2781 1681 2855 ab
1713 2795 1816 2886 tergo
1844 2793 1912 2855 ant
1936 2779 1989 2853 la·

582 2900 726 2974 teribus
766 2901 1117 2978 circumveniebant
1146 2937 1155 2976 :
1196 2903 1257 2979 sin
1300 2905 1556 3008 opportunior
1588 2903 1687 3010 fugae
1727 2903 1834 2978 collis
1873 2928 1989 3006 quam

583 3022 708 3126 campi
736 3023 882 3118 firerat3
906 3051 1055 3103 cavero
1077 3028 1248 3102 consueti
1273 3027 1530 3103 Numidarum
1551 3029 1642 3132 equi
1664 3027 1775 3102 facile
1797 3027 1899 3102 inter
1916 3025 1988 3101 vir·

582 3145 687 3246 gulta
706 3149 890 3244 evadere3
923 3167 1069 3227 nostros
1090 3153 1269 3256 asperitas
1289 3168 1328 3227 et
1348 3151 1550 3228 insolentia
1570 3152 1646 3232 loci
1664 3152 1863 3230 retinebat

578 3331 798 3402 praetergressos
817 3327 902 3389 Fabr.
921 3329 985 3391 Bas.
1000 3354 1024 3397 ι.
1044 3332 1114 3393 Seu.
1131 3354 1157 3392 1.
1179 3332 1248 3400 vin.
1262 3356 1287 3395 ι.
1307 3332 1399 3396 dead.
1418 3333 1499 3396 Vrat.
1514 3355 1542 3396 a.
1562 3331 1632 3394 Tur.
1658 3333 1781 3397 Beml.
1809 3331 1905 3394 Guell'.
1921 3353 1945 3394 ι.
1958 3331 1986 3394 3.

582 3422 680 3483 Guell.
693 3427 721 3496 l.
734 3449 838 3495 m.sec.
855 3431 936 3494 Leid.
951 3457 980 3518 g.
992 3437 1012 3496 i.
1033 3435 1102 3520 Τις.
1124 3436 1212 3498 Palat.
1234 3438 1394 3520 (pretend.
1410 3439 1438 3499 5.
1451 3439 1497 3521 7.)
1519 3447 1611 3499 mont.
1632 3457 1676 3503 oc.
1688 3437 1822 3520 peditum
1841 3437 1900 3498 Erl.
1918 3437 1986 3520 Teg.

579 3525 649 3588 Tur.
671 3529 764 3590 hostes
779 3533 883 3594 invasit
911 3537 1008 3599 Guell.
1021 3542 1049 3611 l.
1078 3561 1099 3602 a
1117 3543 1226 3602 dextra
1241 3563 1279 3602 oc
1293 3542 1413 3604 sinistra
1440 3542 1504 3603 Bas.
1524 3563 1550 3602 ι.
1572 3565 1612 3602 m.
1630 3563 1676 3624 pr.
1699 3542 1809 3604 Fabrio.
1830 3562 1856 3601 ι.
1883 3541 1985 3604 Fraus.

579 3631 647 3715 Teg.
668 3629 766 3699 Turio.
787 3635 888 3713 iqscsti
904 3641 1002 3702 adesse
1021 3641 1141 3708 Laida.
1162 3665 1267 3706 corum
1280 3646 1369 3707 strism
1389 3644 1486 3706 Guell.
1499 3646 1528 3718 d.
1550 3647 1629 3707 idem
1645 3647 1709 3709 cast
1726 3667 1813 3728 supra
1826 3666 1881 3728 pro
1897 3640 1986 3726 quasi.

579 3735 802 3816 hostibusfucrs
821 3740 890 3803 vin.
907 3763 934 3802 ι.
953 3744 1039 3806 Febr.
1052 3767 1078 3807 ι.
1100 3768 1142 3807 ιιι.
1156 3768 1212 3809 see.
1232 3749 1406 3825 eomarmdi
1421 3770 1502 3816 man.
1523 3749 1585 3825 Bas.
1602 3752 1667 3824 ud.
1689 3753 1748 3811 Erl.
1767 3751 1837 3817 Tur.
1865 3750 1949 3812 Bern.
1962 3773 1985 3810 1.

578 3841 619 3899 ita
639 3841 763 3905 llorere.
790 3845 841 3905 att
851 3846 941 3908 Rom.
959 3847 1046 3910 Rem.
1063 3849 1159 3918 Struv.
1181 3858 1284 3914 Frsue.
1305 3853 1402 3914 Guell.
1417 3859 1444 3918 3.
1459 3877 1488 3936 7.
1509 3855 1591 3918 Leid.
1602 3855 1631 3915 b.
1645 3877 1717 3939 μ.
1738 3856 1775 3916 ab
1789 3856 1986 3937 persequendo

578 3942 640 4003 Bas.
656 3967 683 4006 ι.
704 3946 816 4010 Fabiis.
830 3970 857 4015 ι.
877 3951 957 4013 Vrat.
970 3972 998 4014 ι.
1025 3952 1123 4014 Guell.
1139 3975 1165 4015 1.
1177 3975 1205 4021 a.
1225 3955 1296 4016 Tur.
1318 3951 1540 4039 Campifiserot
1559 3961 1625 4022 Mu.
1647 3961 1733 4022 Gmt.
1754 3959 1865 4024 Fabrie.
1886 3957 1949 4020 llas.
1960 3979 1984 4019 ι.

578 4045 699 4116 hema.
711 4049 818 4113 Vina.
833 4055 893 4117 inc.
906 4054 958 4118 dc.
970 4055 1038 4121 Sen.
1050 4077 1076 4117 ι.
1096 4059 1191 4122 sum.
1211 4058 1292 4126 th.
1308 4067 1338 4126 ³.
1358 4061 1457 4124 Guell.
1470 4085 1495 4124 ι.
1508 4085 1538 4126 a.
1550 4065 1579 4132 3.
1593 4087 1621 4148 7.
1637 4087 1684 4126 ιο.
1698 4087 1743 4126 ιι.
1764 4066 1885 4126 boida.
1902 4055 1985 4123 Beru-

582 4169 609 4210 ι.
630 4172 748 4234 campus
756 4149 864 4232 sucr'at
873 4161 915 4222 sic
929 4162 1117 4223 emendatum
1133 4163 1240 4227 inllaa.
1253 4175 1282 4226 et
1294 4165 1380 4229 Febr.
1395 4189 1420 4230 1.
1434 4169 1517 4231 Laid.
1530 4191 1557 4232 o.
1576 4169 1647 4238 Tur.
1663 4189 1810 4231 mesces
1825 4190 1896 4233 voro
1917 4169 1984 4232 vin.

582 4273 607 4312 ι.
630 4275 735 4318 mres.
758 4261 864 4327 Sena.
885 4265 985 4326 llenss.
1007 4267 1067 4327 duo
1076 4265 1164 4332 Ilissi.
1193 4269 1278 4331 Bem-
1296 4291 1321 4332 ι.
1348 4273 1475 4335 retinere
1492 4273 1580 4336 liern.
1593 4294 1619 4334 ι.
1641 4274 1806 4336 retinebant
1824 4279 1894 4340 Eos.

621 4378 753 4463 Car-51·
767 4386 862 4451 hosta
875 4401 961 4471 atquo
974 4393 1046 4458 aaa
1064 4395 1155 4462 sm.
1174 4398 1243 4463 sss.
1263 4398 1315 4462 ι..
1335 4398 1436 4464 aaut
1456 4401 1541 4464 uam.
1554 4365 1991 4468 ιιὲι..ι.ιι...ι.ι.ι.ι,ι.ι.’
