4542 5318
1641 417 1715 509 2'89

309 589 354 663 tis
376 587 605 675 ell'erebaris,
631 605 697 678 ut,
722 615 807 691 quae
830 589 907 691 ipse
933 587 1085 691 corpori
1104 601 1174 660 tuo
1195 583 1328 690 “turpia
1353 613 1434 662 non
1462 587 1645 680 dur-isses,
1672 591 1714 666 iu

308 711 392 786 aliis
420 713 647 815 experireris
698 715 755 784 Ita
787 735 866 785 non
892 725 946 784 est
970 709 1082 784 facile
1107 725 1317 814 exputare,
1337 713 1462 785 Patres
1479 712 1712 816 conscripti,

306 853 439 910 utrum
466 833 789 910 inhonestioribus
815 833 983 936 corporis
1005 833 1179 936 partibus
1203 859 1284 906 rem
1304 833 1514 930 qnaesierit,
1541 861 1591 907 an
1618 837 1714 910 ami·

304 958 401 1032 serit.
441 960 612 1032 Domum
634 973 835 1061 paternam
858 957 942 1031 vivo
970 974 1078 1060 patre
1104 957 1317 1059 turpissime
1346 956 1518 1030 venalem
1554 955 1714 1048 habuit,

305 1080 486 1154 vendidit
510 1081 561 1155 Et
579 1081 642 1155 cui
663 1079 828 1155 dubium
844 1095 1071 1186 potestesse,
1094 1081 1191 1182 quin
1210 1079 1310 1153 mon’
1328 1079 1490 1182 coegerit
1507 1105 1615 1188 eum,
1629 1108 1713 1183 quo

305 1199 370 1276 hic
393 1203 570 1278 nondum
591 1217 744 1278 mortuo
768 1228 838 1306 pro
864 1201 1003 1278 herede
1029 1203 1184 1306 gesserit
1208 1203 1362 1276 omnial
1399 1203 1531 1303 Neque
1547 1202 1668 1305 pudet
1690 1231 1712 1278 a

305 1351 474 1400 meeum
500 1351 686 1428 quaerere,
721 1326 806 1428 quis
828 1325 871 1401 in
894 1330 931 1400 P.
963 1326 1082 1402 Crassi
1105 1325 1219 1400 domo
1240 1323 1406 1416 habitet3
1437 1325 1631 1428 cumipse
1655 1351 1713 1401 re

185 1525 189 1528 .
304 1448 489 1551 spondere
509 1477 589 1524 non
607 1463 741 1552 queat,
769 1450 855 1551 quis
874 1447 916 1523 in
938 1449 1054 1552 ipsius
1074 1448 1222 1523 babitet
1235 1463 1394 1551 paterna
1408 1445 1530 1522 domo.
1565 1453 1616 1522 At
1627 1445 1712 1526 ber-

305 1571 411 1646 cule!
439 1571 566 1676 lapsus
592 1573 711 1647 aetatis
741 1572 935 1662 tirocinio,
969 1588 1097 1675 postea
1130 1597 1207 1647 sese
1234 1571 1405 1648 correxit.
1453 1573 1538 1645 Non
1562 1572 1614 1645 ita
1636 1589 1710 1646 est:

304 1692 369 1768 sed
402 1693 498 1769 abiit
523 1697 564 1770 in
593 1695 813 1770 sodalitium
839 1695 1024 1800 sacrilegii
1050 1695 1269 1800 Nigidiani:
1303 1695 1362 1769 bis
1385 1694 1522 1769 iudicis
1543 1695 1593 1770 ad
1621 1696 1711 1770 sub·

303 1816 409 1890 sellia
435 1833 637 1906 attractus,
663 1834 829 1893 extrema
851 1818 1008 1893 fortuna
1036 1819 1164 1898 stetit:
1190 1835 1229 1893 et
1255 1819 1311 1892 ita
1336 1816 1520 1907 discessit,
1543 1817 1602 1890 uti
1629 1845 1710 1893 non

302 1937 368 2013 hic
386 1940 568 2014 innocens
593 1967 684 2031 esse,
708 1941 774 2016 sed
797 1940 939 2015 iudices
960 1939 1142 2043 peierasse
1168 1941 1484 2014 existimarentur.
1534 1939 1709 2015 Primum

303 2063 489 2137 honorem
515 2062 556 2136 in
575 2078 765 2164 quaestura
790 2062 970 2166 adeptus,
996 2061 1170 2158 [secutus
1183 2062 1260 2160 est]
1283 2060 1390 2136 hunc
1408 2061 1708 2139 locumetlrunc

303 2185 478 2260 ordinem
499 2185 692 2286 despexit:
719 2185 828 2258 cuius
852 2185 978 2258 aditus
993 2183 1065 2257 sibi
1085 2209 1252 2285 quoque,
1277 2183 1534 2258 sordidissimo
1554 2181 1706 2259 bomini

301 2305 490 2409 patuisset
524 2308 658 2404 Itaque
681 2305 834 2392 timens,
869 2332 918 2378 ne
940 2304 1110 2378 facinora
1132 2305 1212 2380 eius
1243 2305 1344 2381 clam
1361 2331 1426 2380 vos
1447 2321 1587 2396 essent,
1607 2333 1705 2384 ‘cum

305 2429 483 2504 omnibus
503 2443 672 2500 matrum
688 2424 923 2498 familiarum
947 2426 1038 2499 viris
1059 2427 1265 2528 opprobrio
1288 2443 1395 2517 esset,
1421 2429 1609 2504 confessus
1635 2447 1706 2522 est,
1752 2453 1755 2460 ’

301 2553 407 2627 robis
432 2549 694 2636 audientibus,
720 2546 979 2636 adulterium,
1003 2572 1075 2622 neo
1094 2547 1250 2621 erubuit
1272 2574 1338 2622 ora
1354 2566 1490 2622 restra.
1535 2553 1736 2644 Vixeris,6

301 2676 360 2750 uti
385 2675 501 2762 libet,
528 2672 686 2764 Salusti;
720 2671 855 2775 egeris,
891 2695 977 2772 quae
998 2669 1161 2746 volueris
1174 2695 1197 2759 ;·
1211 2667 1298 2744 satis
1321 2669 1387 2758 sit,
1412 2697 1538 2745 unum
1557 2687 1598 2746 te
1620 2689 1706 2750 tuo-

303 2824 391 2871 rum
405 2795 596 2880 ·soelerum
624 2822 699 2870 esse
727 2793 945 2881 conscium
978 2793 1060 2867 noli
1087 2791 1197 2867 nobis
1226 2793 1450 2898 languorem
1468 2811 1512 2870 et
1532 2821 1707 2898 soporem

301 2921 467 2994 nimium
489 2919 724 3022 exprobrare
772 2919 910 2992 Sumus
928 2915 1126 3020 diligentes
1153 2915 1194 2988 in
1224 2917 1367 2990 tuenda
1393 2917 1581 3020 pudicitia
1610 2945 1706 2995 uxa-

300 3070 388 3116 rum
419 3058 664 3120 nostrarum:
694 3042 760 3117 sed
786 3043 838 3116 ita
872 3038 1080 3144 experrecti
1106 3063 1186 3112 non
1217 3063 1369 3128 sumus,
1389 3054 1436 3113 ut
1464 3056 1546 3114 ate
1574 3063 1704 3118 cavere

298 3165 490 3269 possimus.
528 3163 697 3246 Audacia
719 3181 784 3237 tua
811 3163 933 3238 vincit
953 3161 1078 3236 studia
1105 3175 1241 3234 nostra.
1280 3161 1440 3262 Ecquod
1460 3159 1609 3237 actum
1634 3179 1703 3239 aut

299 3289 449 3366 dictum
482 3303 593 3390 turpe
616 3285 725 3360 bunc
756 3301 903 3360 movere
923 3281 1054 3387 possit,
1089 3284 1215 3355 Patres
1238 3282 1460 3385 conscripti,
1485 3311 1601 3386 quem
1620 3312 1700 3362 non

298 3536 360 3594 Bas.
381 3535 414 3594 in
426 3532 563 3594 tirocinio
584 3529 635 3590 Ac.
655 3528 804 3606 sacrilegii
822 3527 872 3589 Aa.
893 3527 972 3590 Gud.
993 3525 1036 3586 bis
1048 3527 1090 3584 ad
1106 3525 1167 3586 iud.
1188 3523 1268 3584 Laid.
1280 3545 1307 3586 c.
1328 3525 1379 3586 laic
1397 3515 1546 3590 innocuas.
1567 3527 1618 3588 hic
1636 3549 1698 3590 om.

300 3639 379 3698 Gud.
401 3637 450 3698 hic
470 3657 532 3696 nan
552 3635 634 3700 Laid.
648 3657 674 3694 c.
694 3642 805 3694 secutus
819 3641 861 3694 sat
877 3633 958 3695 hano
975 3631 1071 3692 locum
1087 3639 1115 3690 at
1134 3629 1215 3690 hanc
1230 3629 1368 3690 arctim
1384 3633 1529 3712 &pacm
1554 3631 1617 3692 Bas.
1644 3635 1700 3697 do-

298 3751 407 3824 spactus
426 3753 454 3801 et
474 3741 568 3802 Cortii
589 3739 666 3799 libri.
687 3739 767 3799 Laid.
781 3760 807 3798 c.
830 3737 890 3816 (sed
906 3745 1018 3798 scardus
1040 3735 1100 3814 est)
1121 3753 1182 3797 orn.
1204 3733 1285 3814 quod
1299 3735 1439 3794 Gruterus
1453 3737 1485 3794 in
1500 3738 1613 3815 aliquot
1629 3735 1696 3796 llas.

159 3899 165 3910 ,
290 3839 435 3928 repperit.
457 3844 708 3926 ‹lespesitemend
731 3842 813 3902 Cort.
833 3843 911 3902 clam
929 3840 1068 3902 noaGud.
1083 3839 1166 3899 Rem.
1187 3839 1266 3898 olam
1278 3836 1360 3898 nobis
1378 3837 1430 3898 Ae.
1450 3839 1529 3900 olam
1536 3837 1625 3899 soto
1636 3840 1695 3902 inc.

299 3951 379 4017 Oud.
401 3951 553 4030 opprobrio
570 3948 649 4010 vobr‘s
664 3959 814 4028 scuposam
824 3947 905 4006 Laid.
917 3969 944 4006 c.
957 3945 1149 4022 familiarum
1163 3942 1261 4004 valed
1279 3942 1455 4022 prorostris.
1476 3943 1558 4024 quod
1574 3944 1607 4004 in
1626 3961 1698 4006 ot*

296 4056 382 4122 nibus
402 4057 459 4114 lere
474 4057 554 4114 libris
575 4066 634 4128 eat,
655 4063 729 4118 recto
748 4053 936 4112 amandatum
955 4049 1037 4112 υἰνίι.
1058 4069 1120 4108 nae.
1138 4045 1251 4110 erubuit
1270 4045 1332 4108 Bac

299 4158 372 4242 Cap.
384 4163 413 4222 6.
435 4160 654 4244 ωεοιουηεοίωη
674 4159 735 4218 lias.
755 4157 1016 4232 tenesmum
1030 4171 1071 4214 aa
1083 4154 1196 4214 αι’ᾱιυη
1215 4159 1298 4230 wipo
1320 4151 1400 4214 hanc
1420 4169 1495 4215 mov.
1509 4169 1572 4232 poa.
1595 4151 1637 4212 Ρ.
1656 4148 1693 4213 G.

1247 4287 1291 4381 ay
